
<record>
    <datafield tag="191" ind1=" " ind2=" ">
        <subfield code="a">E/ESCWA/13/4/ADD.19/REV.1</subfield>
    </datafield>
    <datafield tag="245" ind1=" " ind2=" ">
        <subfield code="a">PROGRESS MADE IN THE IMPLEMENTATION OF THE WORK PROGRAMME. PROMOTION ACTIVITIES OF THE JOINT ESCWA/UNIDO INDUSTRY DIVISION. NOTE BY THE SECRETARIAT</subfield>
    </datafield>
    <datafield tag="246" ind1=" " ind2=" ">
        <subfield code="a">التقدم المحرز في تنفيذ برنامج العمل النشاطات الترويجية التي تضطلع بها شعبة الصناعة المشتركة بين الاسكوا      واليونيدو مذكرة من الامانة التنفيذية</subfield>
    </datafield>
    <datafield tag="269" ind1=" " ind2=" ">
        <subfield code="a">19860414</subfield>
    </datafield>
    <datafield tag="650" ind1=" " ind2=" ">
        <subfield code="a">COORDINATION WITHIN UN SYSTEM</subfield>
        <subfield code="0">(DHLAUTH)268575</subfield>
    </datafield>
    <datafield tag="650" ind1=" " ind2=" ">
        <subfield code="a">INDUSTRY</subfield>
        <subfield code="0">(DHLAUTH)271796</subfield>
    </datafield>
    <datafield tag="650" ind1=" " ind2=" ">
        <subfield code="a">ACTIVITIES</subfield>
        <subfield code="0">(DHLAUTH)275823</subfield>
    </datafield>
    <datafield tag="FFT" ind1=" " ind2=" ">
        <subfield code="a">http://undhl-dgacm.s3.amazonaws.com/Drop%2FESCWA_special%2Ftemp_id_76%2FE_ESCWA_13_4_ADD.19_REV.1-AR.pdf</subfield>
        <subfield code="d">العربية</subfield>
        <subfield code="n">E_ESCWA_13_4_ADD-19_REV-1-AR.pdf</subfield>
    </datafield>
    <datafield tag="FFT" ind1=" " ind2=" ">
        <subfield code="a">http://undhl-dgacm.s3.amazonaws.com/Drop%2FESCWA_special%2Ftemp_id_76%2FE_ESCWA_13_4_ADD.19_REV.1-EN.pdf</subfield>
        <subfield code="d">English</subfield>
        <subfield code="n">E_ESCWA_13_4_ADD-19_REV-1-EN.pdf</subfield>
    </datafield>
</record>