
<record>
    <datafield tag="191" ind1=" " ind2=" ">
        <subfield code="a">E/ESCWA/13/5/ADD.3</subfield>
    </datafield>
    <datafield tag="245" ind1=" " ind2=" ">
        <subfield code="a">REPORT OF THE EXECUTIVE SECRETARY ON THE ACTIVITIES OF THE COMMISSION: FOLLOW-UP ACTION ON THE RESOLUTIONS OF THE COMMISSION: COMMISSION RESOLUTION 135 (XII) ON  PROGRESS MADE IN THE IMPLEMENTATION OF THE WORK PROGRAMME</subfield>
    </datafield>
    <datafield tag="246" ind1=" " ind2=" ">
        <subfield code="a">تقرير الامين التنفيذى عن نشاطات اللجنة متابعة القرارات الصادرة عن اللجنة: قرار اللجنة رقم 135 (د-12) بشان التقدم المحرز في تنفيذ  برنامج العمل</subfield>
    </datafield>
    <datafield tag="269" ind1=" " ind2=" ">
        <subfield code="a">19860216</subfield>
    </datafield>
    <datafield tag="650" ind1=" " ind2=" ">
        <subfield code="a">CONFERENCES</subfield>
        <subfield code="0">(DHLAUTH)275758</subfield>
    </datafield>
    <datafield tag="650" ind1=" " ind2=" ">
        <subfield code="a">WESTERN ASIA</subfield>
        <subfield code="0">(DHLAUTH)275490</subfield>
    </datafield>
    <datafield tag="650" ind1=" " ind2=" ">
        <subfield code="a">RESOLUTIONS AND DECISIONS</subfield>
        <subfield code="0">(DHLAUTH)275677</subfield>
    </datafield>
    <datafield tag="650" ind1=" " ind2=" ">
        <subfield code="a">WORK PROGRAMME</subfield>
        <subfield code="0">(DHLAUTH)275800</subfield>
    </datafield>
    <datafield tag="650" ind1=" " ind2=" ">
        <subfield code="a">PROGRAMME IMPLEMENTATION</subfield>
        <subfield code="0">(DHLAUTH)275794</subfield>
    </datafield>
    <datafield tag="FFT" ind1=" " ind2=" ">
        <subfield code="a">http://undhl-dgacm.s3.amazonaws.com/Drop%2FESCWA_special%2Ftemp_id_95%2FE_ESCWA_13_5_ADD.3-AR.pdf</subfield>
        <subfield code="d">العربية</subfield>
        <subfield code="n">E_ESCWA_13_5_ADD-3-AR.pdf</subfield>
    </datafield>
    <datafield tag="FFT" ind1=" " ind2=" ">
        <subfield code="a">http://undhl-dgacm.s3.amazonaws.com/Drop%2FESCWA_special%2Ftemp_id_95%2FE_ESCWA_13_5_ADD.3-EN.pdf</subfield>
        <subfield code="d">English</subfield>
        <subfield code="n">E_ESCWA_13_5_ADD-3-EN.pdf</subfield>
    </datafield>
</record>