
<record>
    <datafield tag="191" ind1=" " ind2=" ">
        <subfield code="a">E/ESCWA/2002/WG.1-I/L.9</subfield>
    </datafield>
    <datafield tag="245" ind1=" " ind2=" ">
        <subfield code="a">MASHRU' AL-TAQRIR AL-NIHA`I WA AL-TAWSIYAT : AL-LAJNAH AL-IQTISADIYAH WA-AL-IJTIMA'IYAH LI-GHARBI ASIYAH, AL-IJTIMA' AL-'ARABI AL-TAHDIRI LI-MU`TAMAR AL-UMAM AL-MUTAHIDAH LIL-MUSININ, AL-JAM'IYAH AL-'ALAMIYAH AL-THANIYAH LIL-SHAIKHOUKHAH, IJTIMA' FARIQ AL-KHUBARA`, BAIRUT, 5-8 SHUBAT/FEBRAIR, 2002</subfield>
    </datafield>
    <datafield tag="269" ind1=" " ind2=" ">
        <subfield code="a">20020208</subfield>
    </datafield>
    <datafield tag="650" ind1=" " ind2=" ">
        <subfield code="a">AGEING PERSONS</subfield>
        <subfield code="0">(DHLAUTH)273772</subfield>
    </datafield>
    <datafield tag="650" ind1=" " ind2=" ">
        <subfield code="a">DEMOGRAPHIC AGEING</subfield>
        <subfield code="0">(DHLAUTH)272936</subfield>
    </datafield>
    <datafield tag="650" ind1=" " ind2=" ">
        <subfield code="a">CARE OF AGEING PERSONS</subfield>
        <subfield code="0">(DHLAUTH)441039</subfield>
    </datafield>
</record>