
<record>
    <datafield tag="191" ind1=" " ind2=" ">
        <subfield code="a">E/ESCWA/2015/EC.1/7</subfield>
    </datafield>
    <datafield tag="245" ind1=" " ind2=" ">
        <subfield code="a">تقارير الهيئات الفرعية للجنة عن دوراتها : اللجنة الاقتصادية والاجتماعية لغربي آسيا (الاسكوا)، اللجنة التنفيذية، الاجتماع الاول، عمان، 8 - 9 حزيران/يونيو 2015</subfield>
    </datafield>
    <datafield tag="269" ind1=" " ind2=" ">
        <subfield code="a">20150528</subfield>
    </datafield>
    <datafield tag="650" ind1=" " ind2=" ">
        <subfield code="a">REGIONAL COMMISSIONS</subfield>
        <subfield code="0">(DHLAUTH)269969</subfield>
    </datafield>
    <datafield tag="650" ind1=" " ind2=" ">
        <subfield code="a">EXECUTIVE ADVISORY BODIES</subfield>
        <subfield code="0">(DHLAUTH)268357</subfield>
    </datafield>
    <datafield tag="650" ind1=" " ind2=" ">
        <subfield code="a">CONFERENCES</subfield>
        <subfield code="0">(DHLAUTH)275758</subfield>
    </datafield>
    <datafield tag="650" ind1=" " ind2=" ">
        <subfield code="a">INTERGOVERNMENTAL BODIES</subfield>
        <subfield code="0">(DHLAUTH)275766</subfield>
    </datafield>
    <datafield tag="650" ind1=" " ind2=" ">
        <subfield code="a">ARAB COUNTRIES</subfield>
        <subfield code="0">(DHLAUTH)268705</subfield>
    </datafield>
    <datafield tag="FFT" ind1=" " ind2=" ">
        <subfield code="a">http://undhl-dgacm.s3.amazonaws.com/Drop%2FESCWA_special%2Ftemp_id_355%2FE_ESCWA_2015_EC.1_7-AR.pdf</subfield>
        <subfield code="d">العربية</subfield>
        <subfield code="n">E_ESCWA_2015_EC-1_7-AR.pdf</subfield>
    </datafield>
</record>