
<record>
    <datafield tag="191" ind1=" " ind2=" ">
        <subfield code="a">E/ESCWA/25/3</subfield>
    </datafield>
    <datafield tag="245" ind1=" " ind2=" ">
        <subfield code="a">CONSIDERATION OF REQUESTS BY STATES MEMBERS OF THE UNITED NATIONS AND/OR ITS SPECIALIZED AGENCIES THAT ARE NOT MEMBERS OF THE ECONOMIC AND SOCIAL COMMISSION FOR WESTERN ASIA (ESCWA) TO PARTICIPATE AS OBSERVERS IN THE TWENTY-FIFTH SESSION OF THE COMMISSION/ TWENTY-FIFTH SESSION SANA'A 26-29 MAY 2008</subfield>
    </datafield>
    <datafield tag="246" ind1=" " ind2=" ">
        <subfield code="a">النظر في طلبات الدول الاعضاء في الامم المتحدة و/او في وكالاتها المتخصصة التي ليست اعضاء في اللجنة الاقتصادية والاجتماعية لغربي اسيا للاشتراك بصفة مراقب في الدورة الخامسة والعشرين للجنة/ الدورة الخامسة والعشرون صنعاء, 26-29 ايار/مايو 2008</subfield>
    </datafield>
    <datafield tag="269" ind1=" " ind2=" ">
        <subfield code="a">20080318</subfield>
    </datafield>
    <datafield tag="650" ind1=" " ind2=" ">
        <subfield code="a">CONFERENCES</subfield>
        <subfield code="0">(DHLAUTH)275758</subfield>
    </datafield>
    <datafield tag="650" ind1=" " ind2=" ">
        <subfield code="a">WESTERN ASIA</subfield>
        <subfield code="0">(DHLAUTH)275490</subfield>
    </datafield>
    <datafield tag="650" ind1=" " ind2=" ">
        <subfield code="a">MEMBERS</subfield>
        <subfield code="0">(DHLAUTH)275782</subfield>
    </datafield>
    <datafield tag="FFT" ind1=" " ind2=" ">
        <subfield code="a">http://undhl-dgacm.s3.amazonaws.com/Drop%2FESCWA_special%2Ftemp_id_532%2FE_ESCWA_25_3-AR.pdf</subfield>
        <subfield code="d">العربية</subfield>
        <subfield code="n">E_ESCWA_25_3-AR.pdf</subfield>
    </datafield>
    <datafield tag="FFT" ind1=" " ind2=" ">
        <subfield code="a">http://undhl-dgacm.s3.amazonaws.com/Drop%2FESCWA_special%2Ftemp_id_532%2FE_ESCWA_25_3-EN.pdf</subfield>
        <subfield code="d">English</subfield>
        <subfield code="n">E_ESCWA_25_3-EN.pdf</subfield>
    </datafield>
</record>