
<record>
    <datafield tag="191" ind1=" " ind2=" ">
        <subfield code="a">E/ESCWA/25/4(PARTII)/B</subfield>
    </datafield>
    <datafield tag="245" ind1=" " ind2=" ">
        <subfield code="a">ACHIEVEMENTS AND PROGRESS MADE IN ATTAINING THE MILLENNIUM DEVELOPMENT GOALS: POLICY ISSUES IN THE ESCWA REGION REGIONAL COOPERATION FOR ACHIEVING THE MILLENNIUM DEVELOPMENT GOALS/ TWENTY-FIFTH SESSION SANA'A 26-29 MAY 2008</subfield>
    </datafield>
    <datafield tag="246" ind1=" " ind2=" ">
        <subfield code="a">الانجازات والتقدم المحرز في بلوغ الاهداف الانمائية للالفية في البلدان العربية: التحديات والسياسات: قضايا السياسة العامة في منطقة الاسكوا التعاون الاقليمي لتحقيق الاهداف الانمائية للالفية/ الدورة الخامسة والعشرون صنعاء, 26-29 ايار/مايو 2008</subfield>
    </datafield>
    <datafield tag="269" ind1=" " ind2=" ">
        <subfield code="a">20080414</subfield>
    </datafield>
    <datafield tag="650" ind1=" " ind2=" ">
        <subfield code="a">CONFERENCES</subfield>
        <subfield code="0">(DHLAUTH)275758</subfield>
    </datafield>
    <datafield tag="650" ind1=" " ind2=" ">
        <subfield code="a">WESTERN ASIA</subfield>
        <subfield code="0">(DHLAUTH)275490</subfield>
    </datafield>
    <datafield tag="650" ind1=" " ind2=" ">
        <subfield code="a">AGENDA</subfield>
        <subfield code="0">(DHLAUTH)275133</subfield>
    </datafield>
    <datafield tag="650" ind1=" " ind2=" ">
        <subfield code="a">REGIONAL COOPERATION</subfield>
        <subfield code="0">(DHLAUTH)268656</subfield>
    </datafield>
    <datafield tag="650" ind1=" " ind2=" ">
        <subfield code="a">CONFLICT</subfield>
        <subfield code="0">(DHLAUTH)268740</subfield>
    </datafield>
    <datafield tag="650" ind1=" " ind2=" ">
        <subfield code="a">POVERTY</subfield>
        <subfield code="0">(DHLAUTH)270079</subfield>
    </datafield>
    <datafield tag="650" ind1=" " ind2=" ">
        <subfield code="a">YOUTH</subfield>
        <subfield code="0">(DHLAUTH)269401</subfield>
    </datafield>
    <datafield tag="650" ind1=" " ind2=" ">
        <subfield code="a">GENDER EQUALITY</subfield>
        <subfield code="0">(DHLAUTH)441178</subfield>
    </datafield>
    <datafield tag="650" ind1=" " ind2=" ">
        <subfield code="a">PRIMARY EDUCATION</subfield>
        <subfield code="0">(DHLAUTH)273999</subfield>
    </datafield>
    <datafield tag="650" ind1=" " ind2=" ">
        <subfield code="a">CHILD MORTALITY</subfield>
        <subfield code="0">(DHLAUTH)272962</subfield>
    </datafield>
    <datafield tag="650" ind1=" " ind2=" ">
        <subfield code="a">MOTHERS</subfield>
        <subfield code="0">(DHLAUTH)273089</subfield>
    </datafield>
    <datafield tag="650" ind1=" " ind2=" ">
        <subfield code="a">AIDS</subfield>
        <subfield code="0">(DHLAUTH)273866</subfield>
    </datafield>
    <datafield tag="650" ind1=" " ind2=" ">
        <subfield code="a">MALARIA</subfield>
        <subfield code="0">(DHLAUTH)273871</subfield>
    </datafield>
    <datafield tag="650" ind1=" " ind2=" ">
        <subfield code="a">EDUCATION</subfield>
        <subfield code="0">(DHLAUTH)268926</subfield>
    </datafield>
    <datafield tag="650" ind1=" " ind2=" ">
        <subfield code="a">EMPLOYMENT</subfield>
        <subfield code="0">(DHLAUTH)269797</subfield>
    </datafield>
    <datafield tag="650" ind1=" " ind2=" ">
        <subfield code="a">UNEMPLOYMENT</subfield>
        <subfield code="0">(DHLAUTH)269726</subfield>
    </datafield>
    <datafield tag="650" ind1=" " ind2=" ">
        <subfield code="a">WOMEN</subfield>
        <subfield code="0">(DHLAUTH)273032</subfield>
    </datafield>
    <datafield tag="650" ind1=" " ind2=" ">
        <subfield code="a">EMPOWERMENT</subfield>
        <subfield code="0">(DHLAUTH)469874</subfield>
    </datafield>
    <datafield tag="FFT" ind1=" " ind2=" ">
        <subfield code="a">http://undhl-dgacm.s3.amazonaws.com/Drop%2FESCWA_special%2Ftemp_id_535%2FE_ESCWA_25_4%28PARTII%29_B-AR.pdf</subfield>
        <subfield code="d">العربية</subfield>
        <subfield code="n">E_ESCWA_25_4(PARTII)_B-AR.pdf</subfield>
    </datafield>
    <datafield tag="FFT" ind1=" " ind2=" ">
        <subfield code="a">http://undhl-dgacm.s3.amazonaws.com/Drop%2FESCWA_special%2Ftemp_id_535%2FE_ESCWA_25_4%28PARTII%29_B-EN.pdf</subfield>
        <subfield code="d">English</subfield>
        <subfield code="n">E_ESCWA_25_4(PARTII)_B-EN.pdf</subfield>
    </datafield>
</record>