
<record>
    <datafield tag="191" ind1=" " ind2=" ">
        <subfield code="a">E/ESCWA/25/5(PARTIII)</subfield>
    </datafield>
    <datafield tag="245" ind1=" " ind2=" ">
        <subfield code="a">FOLLOW-UP TO THE ESTABLISHMENT OF AN ARABIC LANGUAGE CENTRE AT ESCWA: REPORT OF THE EXECUTIVE SECRETARY ON THE ACTIVITIES OF THE COMMISSION/ TWENTY-FIFTH SESSION SANA'A 26-29 MAY 2008</subfield>
    </datafield>
    <datafield tag="246" ind1=" " ind2=" ">
        <subfield code="a">متابعة انشاء مركز للغة العربية في الاسكوا: تقرير الامين التنفيذي عن انشطة اللجنة/ الدورة الخامسة والعشرون صنعاء, 26-29 ايار/مايو 2008</subfield>
    </datafield>
    <datafield tag="269" ind1=" " ind2=" ">
        <subfield code="a">20080417</subfield>
    </datafield>
    <datafield tag="650" ind1=" " ind2=" ">
        <subfield code="a">CONFERENCES</subfield>
        <subfield code="0">(DHLAUTH)275758</subfield>
    </datafield>
    <datafield tag="650" ind1=" " ind2=" ">
        <subfield code="a">AGENDA</subfield>
        <subfield code="0">(DHLAUTH)275133</subfield>
    </datafield>
    <datafield tag="650" ind1=" " ind2=" ">
        <subfield code="a">WESTERN ASIA</subfield>
        <subfield code="0">(DHLAUTH)275490</subfield>
    </datafield>
    <datafield tag="650" ind1=" " ind2=" ">
        <subfield code="a">ARABIC LANGUAGE</subfield>
        <subfield code="0">(DHLAUTH)274768</subfield>
    </datafield>
    <datafield tag="650" ind1=" " ind2=" ">
        <subfield code="a">OPERATIONAL ACTIVITIES</subfield>
        <subfield code="0">(DHLAUTH)269992</subfield>
    </datafield>
    <datafield tag="FFT" ind1=" " ind2=" ">
        <subfield code="a">http://undhl-dgacm.s3.amazonaws.com/Drop%2FESCWA_special%2Ftemp_id_539%2FE_ESCWA_25_5%28PARTIII%29-AR.pdf</subfield>
        <subfield code="d">العربية</subfield>
        <subfield code="n">E_ESCWA_25_5(PARTIII)-AR.pdf</subfield>
    </datafield>
    <datafield tag="FFT" ind1=" " ind2=" ">
        <subfield code="a">http://undhl-dgacm.s3.amazonaws.com/Drop%2FESCWA_special%2Ftemp_id_539%2FE_ESCWA_25_5%28PARTIII%29-EN.pdf</subfield>
        <subfield code="d">English</subfield>
        <subfield code="n">E_ESCWA_25_5(PARTIII)-EN.pdf</subfield>
    </datafield>
</record>