
<record>
    <datafield tag="191" ind1=" " ind2=" ">
        <subfield code="a">E/ESCWA/25/5(PARTIV)/ADD.2</subfield>
    </datafield>
    <datafield tag="245" ind1=" " ind2=" ">
        <subfield code="a">ACTIVITIES FUNDED BY THE UNITED NATIONS DEVELOPMENT ACCOUNT: REPORT OF THE EXECUTIVE SECRETARY ON THE ACTIVITIES OF THE COMMISSION TECHNICAL COOPERATION PROGRAMME/ TWENTY-FIFTH SESSION SANA'A 26-29 MAY 2008</subfield>
    </datafield>
    <datafield tag="246" ind1=" " ind2=" ">
        <subfield code="a">الانشطة الممولة من حساب الامم المتحدة للتنمية: تقرير الامين التنفيذي عن انشطة اللجنة برنامج التعاون الفني/ الدورة الخامسة والعشرون صنعاء, 26-29 ايار/مايو 2008</subfield>
    </datafield>
    <datafield tag="269" ind1=" " ind2=" ">
        <subfield code="a">20080424</subfield>
    </datafield>
    <datafield tag="650" ind1=" " ind2=" ">
        <subfield code="a">CONFERENCES</subfield>
        <subfield code="0">(DHLAUTH)275758</subfield>
    </datafield>
    <datafield tag="650" ind1=" " ind2=" ">
        <subfield code="a">WESTERN ASIA</subfield>
        <subfield code="0">(DHLAUTH)275490</subfield>
    </datafield>
    <datafield tag="650" ind1=" " ind2=" ">
        <subfield code="a">AGENDA</subfield>
        <subfield code="0">(DHLAUTH)275133</subfield>
    </datafield>
    <datafield tag="650" ind1=" " ind2=" ">
        <subfield code="a">TECHNICAL COOPERATION</subfield>
        <subfield code="0">(DHLAUTH)268658</subfield>
    </datafield>
    <datafield tag="650" ind1=" " ind2=" ">
        <subfield code="a">SUSTAINABLE DEVELOPMENT</subfield>
        <subfield code="0">(DHLAUTH)269920</subfield>
    </datafield>
    <datafield tag="650" ind1=" " ind2=" ">
        <subfield code="a">INFORMATION TECHNOLOGY</subfield>
        <subfield code="0">(DHLAUTH)272714</subfield>
    </datafield>
    <datafield tag="650" ind1=" " ind2=" ">
        <subfield code="a">COMMUNICATION TECHNOLOGY</subfield>
        <subfield code="0">(DHLAUTH)272713</subfield>
    </datafield>
    <datafield tag="650" ind1=" " ind2=" ">
        <subfield code="a">OPERATIONAL ACTIVITIES</subfield>
        <subfield code="0">(DHLAUTH)269992</subfield>
    </datafield>
    <datafield tag="650" ind1=" " ind2=" ">
        <subfield code="a">PROJECT ACTIVITIES</subfield>
        <subfield code="0">(DHLAUTH)275801</subfield>
    </datafield>
    <datafield tag="FFT" ind1=" " ind2=" ">
        <subfield code="a">http://undhl-dgacm.s3.amazonaws.com/Drop%2FESCWA_special%2Ftemp_id_545%2FE_ESCWA_25_5%28PARTIV%29_ADD.2-AR.pdf</subfield>
        <subfield code="d">العربية</subfield>
        <subfield code="n">E_ESCWA_25_5(PARTIV)_ADD-2-AR.pdf</subfield>
    </datafield>
    <datafield tag="FFT" ind1=" " ind2=" ">
        <subfield code="a">http://undhl-dgacm.s3.amazonaws.com/Drop%2FESCWA_special%2Ftemp_id_545%2FE_ESCWA_25_5%28PARTIV%29_ADD.2-EN.pdf</subfield>
        <subfield code="d">English</subfield>
        <subfield code="n">E_ESCWA_25_5(PARTIV)_ADD-2-EN.pdf</subfield>
    </datafield>
</record>