
<record>
    <datafield tag="191" ind1=" " ind2=" ">
        <subfield code="a">E/ESCWA/25/6/CRP.1</subfield>
    </datafield>
    <datafield tag="245" ind1=" " ind2=" ">
        <subfield code="a">REPORT ON THE PROPOSAL PUT FORWARD BY THE SECRETARY-GENERAL FOR IMPROVING THE EFFECTIVE AND EFFICIENT DELIVERY OF THE MANDATES OF DEVELOPMENT-RELATED ACTIVITIES AND REVISED ESTIMATES RELATING TO THE PROGRAMME BUDGET FOR THE BIENNIUM 2008-2009: MANAGEMENT ISSUES PROPOSED AMENDMENTS TO THE WORK PROGRAMME FOR THE BIENNIUM 2008-2009</subfield>
    </datafield>
    <datafield tag="246" ind1=" " ind2=" ">
        <subfield code="a">تقرير عن مقترح الامين العام بشأن تحسين فعالية وكفاءة تنفيذ الولايات المتصلة بالأنشطة الانمائية والتقديرات المنقحة المتعلقة بالميزانية البرنامجية لفترة السنتين 2008-2009: قضايا الادارة العليا تعديلات مقترحة على برنامج العمل لفترة السنتين 2008-2009</subfield>
    </datafield>
    <datafield tag="269" ind1=" " ind2=" ">
        <subfield code="a">20080521</subfield>
    </datafield>
    <datafield tag="650" ind1=" " ind2=" ">
        <subfield code="a">CONFERENCES</subfield>
        <subfield code="0">(DHLAUTH)275758</subfield>
    </datafield>
    <datafield tag="650" ind1=" " ind2=" ">
        <subfield code="a">WESTERN ASIA</subfield>
        <subfield code="0">(DHLAUTH)275490</subfield>
    </datafield>
    <datafield tag="650" ind1=" " ind2=" ">
        <subfield code="a">AGENDA</subfield>
        <subfield code="0">(DHLAUTH)275133</subfield>
    </datafield>
    <datafield tag="650" ind1=" " ind2=" ">
        <subfield code="a">MANAGEMENT</subfield>
        <subfield code="0">(DHLAUTH)269660</subfield>
    </datafield>
    <datafield tag="650" ind1=" " ind2=" ">
        <subfield code="a">WORK PROGRAMME</subfield>
        <subfield code="0">(DHLAUTH)275800</subfield>
    </datafield>
    <datafield tag="650" ind1=" " ind2=" ">
        <subfield code="a">DEVELOPMENT</subfield>
        <subfield code="0">(DHLAUTH)269844</subfield>
    </datafield>
    <datafield tag="650" ind1=" " ind2=" ">
        <subfield code="a">OPERATIONAL ACTIVITIES</subfield>
        <subfield code="0">(DHLAUTH)269992</subfield>
    </datafield>
    <datafield tag="650" ind1=" " ind2=" ">
        <subfield code="a">BUDGET</subfield>
        <subfield code="0">(DHLAUTH)270085</subfield>
    </datafield>
    <datafield tag="FFT" ind1=" " ind2=" ">
        <subfield code="a">http://undhl-dgacm.s3.amazonaws.com/Drop%2FESCWA_special%2Ftemp_id_555%2FE_ESCWA_25_6_CRP.1-AR.pdf</subfield>
        <subfield code="d">العربية</subfield>
        <subfield code="n">E_ESCWA_25_6_CRP-1-AR.pdf</subfield>
    </datafield>
    <datafield tag="FFT" ind1=" " ind2=" ">
        <subfield code="a">http://undhl-dgacm.s3.amazonaws.com/Drop%2FESCWA_special%2Ftemp_id_555%2FE_ESCWA_25_6_CRP.1-EN.pdf</subfield>
        <subfield code="d">English</subfield>
        <subfield code="n">E_ESCWA_25_6_CRP-1-EN.pdf</subfield>
    </datafield>
</record>