
<record>
    <datafield tag="191" ind1=" " ind2=" ">
        <subfield code="a">E/ESCWA/AGR/1994/1/REV.1</subfield>
    </datafield>
    <datafield tag="245" ind1=" " ind2=" ">
        <subfield code="a">مشروع مقترح لإعادة تاهيل قطاع الاسماك في قطاع غزة</subfield>
    </datafield>
    <datafield tag="269" ind1=" " ind2=" ">
        <subfield code="a">19941122</subfield>
    </datafield>
    <datafield tag="650" ind1=" " ind2=" ">
        <subfield code="a">FISH</subfield>
        <subfield code="0">(DHLAUTH)271009</subfield>
    </datafield>
    <datafield tag="650" ind1=" " ind2=" ">
        <subfield code="a">PROGRAMME IMPLEMENTATION</subfield>
        <subfield code="0">(DHLAUTH)275794</subfield>
    </datafield>
    <datafield tag="650" ind1=" " ind2=" ">
        <subfield code="a">FISHING VESSELS</subfield>
        <subfield code="0">(DHLAUTH)271684</subfield>
    </datafield>
    <datafield tag="650" ind1=" " ind2=" ">
        <subfield code="a">FISHING</subfield>
        <subfield code="0">(DHLAUTH)270995</subfield>
    </datafield>
    <datafield tag="650" ind1=" " ind2=" ">
        <subfield code="a">WESTERN ASIA</subfield>
        <subfield code="0">(DHLAUTH)275490</subfield>
    </datafield>
    <datafield tag="650" ind1=" " ind2=" ">
        <subfield code="a">TERRITORIES OCCUPIED BY ISRAEL</subfield>
        <subfield code="0">(DHLAUTH)268687</subfield>
    </datafield>
    <datafield tag="FFT" ind1=" " ind2=" ">
        <subfield code="a">http://undhl-dgacm.s3.amazonaws.com/Drop%2FESCWA_special%2Ftemp_id_689%2FE_ESCWA_AGR_1994_1_REV.1-AR.pdf</subfield>
        <subfield code="d">العربية</subfield>
        <subfield code="n">E_ESCWA_AGR_1994_1_REV-1-AR.pdf</subfield>
    </datafield>
</record>