
<record>
    <datafield tag="191" ind1=" " ind2=" ">
        <subfield code="a">E/ESCWA/AGR/1995/1</subfield>
    </datafield>
    <datafield tag="245" ind1=" " ind2=" ">
        <subfield code="a">التمويل الزراعي "مرجع للتدريس في الجامعات العربية"</subfield>
    </datafield>
    <datafield tag="269" ind1=" " ind2=" ">
        <subfield code="a">19950601</subfield>
    </datafield>
    <datafield tag="650" ind1=" " ind2=" ">
        <subfield code="a">AGRICULTURAL CREDIT</subfield>
        <subfield code="0">(DHLAUTH)270379</subfield>
    </datafield>
    <datafield tag="650" ind1=" " ind2=" ">
        <subfield code="a">UNIVERSITIES AND COLLEGES</subfield>
        <subfield code="0">(DHLAUTH)273940</subfield>
    </datafield>
    <datafield tag="650" ind1=" " ind2=" ">
        <subfield code="a">TEACHING MATERIALS</subfield>
        <subfield code="0">(DHLAUTH)274084</subfield>
    </datafield>
    <datafield tag="650" ind1=" " ind2=" ">
        <subfield code="a">LOANS</subfield>
        <subfield code="0">(DHLAUTH)270076</subfield>
    </datafield>
    <datafield tag="650" ind1=" " ind2=" ">
        <subfield code="a">CAPITAL MARKETS</subfield>
        <subfield code="0">(DHLAUTH)270364</subfield>
    </datafield>
    <datafield tag="650" ind1=" " ind2=" ">
        <subfield code="a">INVESTMENTS</subfield>
        <subfield code="0">(DHLAUTH)269859</subfield>
    </datafield>
    <datafield tag="650" ind1=" " ind2=" ">
        <subfield code="a">AGRICULTURAL INSURANCE</subfield>
        <subfield code="0">(DHLAUTH)271346</subfield>
    </datafield>
    <datafield tag="650" ind1=" " ind2=" ">
        <subfield code="a">ISLAM</subfield>
        <subfield code="0">(DHLAUTH)268706</subfield>
    </datafield>
    <datafield tag="650" ind1=" " ind2=" ">
        <subfield code="a">ARAB COUNTRIES</subfield>
        <subfield code="0">(DHLAUTH)268705</subfield>
    </datafield>
    <datafield tag="FFT" ind1=" " ind2=" ">
        <subfield code="a">http://undhl-dgacm.s3.amazonaws.com/Drop%2FESCWA_special%2Ftemp_id_701%2FE_ESCWA_AGR_1995_1-AR.pdf</subfield>
        <subfield code="d">العربية</subfield>
        <subfield code="n">E_ESCWA_AGR_1995_1-AR.pdf</subfield>
    </datafield>
</record>