
<record>
    <datafield tag="191" ind1=" " ind2=" ">
        <subfield code="a">E/ESCWA/AGR/1995/10</subfield>
    </datafield>
    <datafield tag="245" ind1=" " ind2=" ">
        <subfield code="a">THE IMPACT OF POPULATION GROWTH AND URBANIZATION ON FOOD CONSUMPTION PATTERNS IN JORDAN</subfield>
    </datafield>
    <datafield tag="246" ind1=" " ind2=" ">
        <subfield code="a">اثر النمو السكاني والتوسع العمراني على أنماط استهلاك الأغذية في الأردن</subfield>
    </datafield>
    <datafield tag="269" ind1=" " ind2=" ">
        <subfield code="a">19951207</subfield>
    </datafield>
    <datafield tag="650" ind1=" " ind2=" ">
        <subfield code="a">JORDAN</subfield>
        <subfield code="0">(DHLAUTH)269099</subfield>
    </datafield>
    <datafield tag="650" ind1=" " ind2=" ">
        <subfield code="a">POPULATION GROWTH</subfield>
        <subfield code="0">(DHLAUTH)272944</subfield>
    </datafield>
    <datafield tag="650" ind1=" " ind2=" ">
        <subfield code="a">INTERNAL MIGRATION</subfield>
        <subfield code="0">(DHLAUTH)270950</subfield>
    </datafield>
    <datafield tag="650" ind1=" " ind2=" ">
        <subfield code="a">URBAN AREAS</subfield>
        <subfield code="0">(DHLAUTH)271447</subfield>
    </datafield>
    <datafield tag="650" ind1=" " ind2=" ">
        <subfield code="a">RURAL-URBAN MIGRATION</subfield>
        <subfield code="0">(DHLAUTH)273049</subfield>
    </datafield>
    <datafield tag="650" ind1=" " ind2=" ">
        <subfield code="a">FOOD CONSUMPTION</subfield>
        <subfield code="0">(DHLAUTH)269579</subfield>
    </datafield>
    <datafield tag="FFT" ind1=" " ind2=" ">
        <subfield code="a">http://undhl-dgacm.s3.amazonaws.com/Drop%2FESCWA_special%2Ftemp_id_702%2FE_ESCWA_AGR_1995_10-AR.pdf</subfield>
        <subfield code="d">العربية</subfield>
        <subfield code="n">E_ESCWA_AGR_1995_10-AR.pdf</subfield>
    </datafield>
    <datafield tag="FFT" ind1=" " ind2=" ">
        <subfield code="a">http://undhl-dgacm.s3.amazonaws.com/Drop%2FESCWA_special%2Ftemp_id_702%2FE_ESCWA_AGR_1995_10-EN.pdf</subfield>
        <subfield code="d">English</subfield>
        <subfield code="n">E_ESCWA_AGR_1995_10-EN.pdf</subfield>
    </datafield>
</record>