
<record>
    <datafield tag="191" ind1=" " ind2=" ">
        <subfield code="a">E/ESCWA/AGR/1995/11</subfield>
    </datafield>
    <datafield tag="245" ind1=" " ind2=" ">
        <subfield code="a">واقع وآفاق تطور النمط الزراعي في قطاع غزة</subfield>
    </datafield>
    <datafield tag="269" ind1=" " ind2=" ">
        <subfield code="a">19951228</subfield>
    </datafield>
    <datafield tag="650" ind1=" " ind2=" ">
        <subfield code="a">ECONOMIC CONDITIONS</subfield>
        <subfield code="0">(DHLAUTH)269719</subfield>
    </datafield>
    <datafield tag="650" ind1=" " ind2=" ">
        <subfield code="a">AGRICULTURAL PRODUCTION</subfield>
        <subfield code="0">(DHLAUTH)269670</subfield>
    </datafield>
    <datafield tag="650" ind1=" " ind2=" ">
        <subfield code="a">AGRICULTURAL RESOURCES</subfield>
        <subfield code="0">(DHLAUTH)270569</subfield>
    </datafield>
    <datafield tag="650" ind1=" " ind2=" ">
        <subfield code="a">GAZA STRIP (STATE OF PALESTINE)</subfield>
        <subfield code="0">(DHLAUTH)277030</subfield>
    </datafield>
    <datafield tag="FFT" ind1=" " ind2=" ">
        <subfield code="a">http://undhl-dgacm.s3.amazonaws.com/Drop%2FESCWA_special%2Ftemp_id_703%2FE_ESCWA_AGR_1995_11-AR.pdf</subfield>
        <subfield code="d">العربية</subfield>
        <subfield code="n">E_ESCWA_AGR_1995_11-AR.pdf</subfield>
    </datafield>
</record>