
<record>
    <datafield tag="191" ind1=" " ind2=" ">
        <subfield code="a">E/ESCWA/AGR/84/6</subfield>
    </datafield>
    <datafield tag="245" ind1=" " ind2=" ">
        <subfield code="a">سياسة تسعير الحبوب في الأردن</subfield>
    </datafield>
    <datafield tag="269" ind1=" " ind2=" ">
        <subfield code="a">19860128</subfield>
    </datafield>
    <datafield tag="650" ind1=" " ind2=" ">
        <subfield code="a">AGRICULTURAL PRICES</subfield>
        <subfield code="0">(DHLAUTH)271329</subfield>
    </datafield>
    <datafield tag="650" ind1=" " ind2=" ">
        <subfield code="a">GRAINS</subfield>
        <subfield code="0">(DHLAUTH)271495</subfield>
    </datafield>
    <datafield tag="650" ind1=" " ind2=" ">
        <subfield code="a">ECONOMIC POLICY</subfield>
        <subfield code="0">(DHLAUTH)268235</subfield>
    </datafield>
    <datafield tag="650" ind1=" " ind2=" ">
        <subfield code="a">JORDAN</subfield>
        <subfield code="0">(DHLAUTH)269099</subfield>
    </datafield>
    <datafield tag="650" ind1=" " ind2=" ">
        <subfield code="a">FOOD CONSUMPTION</subfield>
        <subfield code="0">(DHLAUTH)269579</subfield>
    </datafield>
    <datafield tag="FFT" ind1=" " ind2=" ">
        <subfield code="a">http://undhl-dgacm.s3.amazonaws.com/Drop%2FESCWA_special%2Ftemp_id_788%2FE_ESCWA_AGR_84_6-AR.pdf</subfield>
        <subfield code="d">العربية</subfield>
        <subfield code="n">E_ESCWA_AGR_84_6-AR.pdf</subfield>
    </datafield>
</record>