
<record>
    <datafield tag="191" ind1=" " ind2=" ">
        <subfield code="a">E/ESCWA/AGR/87/8/REV.1</subfield>
    </datafield>
    <datafield tag="245" ind1=" " ind2=" ">
        <subfield code="a">CASE-STUDY ON WADI AL-JAWF AGRICULTURAL PROJECT YEMEN ARAB REPUBLIC: SOLUTIONS AND EXERCISES USING DASI COMPUTER PROGRAMME</subfield>
    </datafield>
    <datafield tag="269" ind1=" " ind2=" ">
        <subfield code="a">19880128</subfield>
    </datafield>
    <datafield tag="650" ind1=" " ind2=" ">
        <subfield code="a">YEMEN</subfield>
        <subfield code="0">(DHLAUTH)273521</subfield>
    </datafield>
    <datafield tag="650" ind1=" " ind2=" ">
        <subfield code="a">DATA BANKS</subfield>
        <subfield code="0">(DHLAUTH)275123</subfield>
    </datafield>
    <datafield tag="650" ind1=" " ind2=" ">
        <subfield code="a">SAMPLING</subfield>
        <subfield code="0">(DHLAUTH)270203</subfield>
    </datafield>
    <datafield tag="650" ind1=" " ind2=" ">
        <subfield code="a">FINANCIAL ASPECTS</subfield>
        <subfield code="0">(DHLAUTH)275767</subfield>
    </datafield>
    <datafield tag="650" ind1=" " ind2=" ">
        <subfield code="a">ECONOMIC ANALYSIS</subfield>
        <subfield code="0">(DHLAUTH)269649</subfield>
    </datafield>
    <datafield tag="FFT" ind1=" " ind2=" ">
        <subfield code="a">http://undhl-dgacm.s3.amazonaws.com/Drop%2FESCWA_special%2Ftemp_id_814%2FE_ESCWA_AGR_87_8_REV.1-EN.pdf</subfield>
        <subfield code="d">English</subfield>
        <subfield code="n">E_ESCWA_AGR_87_8_REV-1-EN.pdf</subfield>
    </datafield>
</record>