
<record>
    <datafield tag="191" ind1=" " ind2=" ">
        <subfield code="a">E/ESCWA/AGR/88/5</subfield>
    </datafield>
    <datafield tag="245" ind1=" " ind2=" ">
        <subfield code="a">INTERNATIONAL CONSULTATION OF ENVIRONMENT, SUSTAINABLE AGRICULTURAL DEVELOPMENT AND THE ROLE OF SMALL FARMERS. 11-13 OCTOBER 1988 IFAD ROME. ENVIRONMENT, SUSTAINABLE AGRICULTURE DEVELOPMENTS AND THE ROLE OF SMALL FARMERS.</subfield>
    </datafield>
    <datafield tag="269" ind1=" " ind2=" ">
        <subfield code="a">19881006</subfield>
    </datafield>
    <datafield tag="650" ind1=" " ind2=" ">
        <subfield code="a">SUSTAINABLE AGRICULTURE</subfield>
        <subfield code="0">(DHLAUTH)270600</subfield>
    </datafield>
    <datafield tag="650" ind1=" " ind2=" ">
        <subfield code="a">AGRICULTURAL DEVELOPMENT</subfield>
        <subfield code="0">(DHLAUTH)269917</subfield>
    </datafield>
    <datafield tag="650" ind1=" " ind2=" ">
        <subfield code="a">ENVIRONMENTAL DEGRADATION</subfield>
        <subfield code="0">(DHLAUTH)270632</subfield>
    </datafield>
    <datafield tag="650" ind1=" " ind2=" ">
        <subfield code="a">SMALL FARMS</subfield>
        <subfield code="0">(DHLAUTH)271421</subfield>
    </datafield>
    <datafield tag="650" ind1=" " ind2=" ">
        <subfield code="a">PUBLIC INSTITUTIONS</subfield>
        <subfield code="0">(DHLAUTH)269948</subfield>
    </datafield>
    <datafield tag="650" ind1=" " ind2=" ">
        <subfield code="a">WESTERN ASIA</subfield>
        <subfield code="0">(DHLAUTH)275490</subfield>
    </datafield>
    <datafield tag="FFT" ind1=" " ind2=" ">
        <subfield code="a">http://undhl-dgacm.s3.amazonaws.com/Drop%2FESCWA_special%2Ftemp_id_823%2FE_ESCWA_AGR_88_5-EN.pdf</subfield>
        <subfield code="d">English</subfield>
        <subfield code="n">E_ESCWA_AGR_88_5-EN.pdf</subfield>
    </datafield>
</record>