
<record>
    <datafield tag="191" ind1=" " ind2=" ">
        <subfield code="a">E/ESCWA/CAB/1997/1</subfield>
    </datafield>
    <datafield tag="245" ind1=" " ind2=" ">
        <subfield code="a">REPORT OF THE MEETING OF EMINENT PERSONS ON THE ROLE AND THE FUTURE OF THE ECONOMIC AND SOCIAL COMMISSION FOR WESTERN ASIA AMMAN, 18-19 DEC 1996 = تقرير ندوة القيادات الفكرية عن دور و مستقبل اللجنة الاقتصادية الاجتماعية لغربي آسيا</subfield>
    </datafield>
    <datafield tag="269" ind1=" " ind2=" ">
        <subfield code="a">19970102</subfield>
    </datafield>
    <datafield tag="650" ind1=" " ind2=" ">
        <subfield code="a">WORK ORGANIZATION</subfield>
        <subfield code="0">(DHLAUTH)275746</subfield>
    </datafield>
    <datafield tag="650" ind1=" " ind2=" ">
        <subfield code="a">WESTERN ASIA</subfield>
        <subfield code="0">(DHLAUTH)275490</subfield>
    </datafield>
    <datafield tag="650" ind1=" " ind2=" ">
        <subfield code="a">ENVIRONMENT</subfield>
        <subfield code="0">(DHLAUTH)270627</subfield>
    </datafield>
    <datafield tag="650" ind1=" " ind2=" ">
        <subfield code="a">REGIONAL DEVELOPMENT</subfield>
        <subfield code="0">(DHLAUTH)269690</subfield>
    </datafield>
    <datafield tag="650" ind1=" " ind2=" ">
        <subfield code="a">HUMAN DEVELOPMENT</subfield>
        <subfield code="0">(DHLAUTH)276688</subfield>
    </datafield>
    <datafield tag="650" ind1=" " ind2=" ">
        <subfield code="a">MIDDLE EAST</subfield>
        <subfield code="0">(DHLAUTH)10135</subfield>
    </datafield>
    <datafield tag="650" ind1=" " ind2=" ">
        <subfield code="a">ACTIVITIES</subfield>
        <subfield code="0">(DHLAUTH)275823</subfield>
    </datafield>
    <datafield tag="650" ind1=" " ind2=" ">
        <subfield code="a">INTERNATIONAL RELATIONS</subfield>
        <subfield code="0">(DHLAUTH)268558</subfield>
    </datafield>
    <datafield tag="650" ind1=" " ind2=" ">
        <subfield code="a">REGIONAL ORGANIZATIONS</subfield>
        <subfield code="0">(DHLAUTH)268718</subfield>
    </datafield>
    <datafield tag="650" ind1=" " ind2=" ">
        <subfield code="a">IDENTIFICATION CARDS</subfield>
        <subfield code="0">(DHLAUTH)275963</subfield>
    </datafield>
    <datafield tag="650" ind1=" " ind2=" ">
        <subfield code="a">ARABS</subfield>
        <subfield code="0">(DHLAUTH)273264</subfield>
    </datafield>
    <datafield tag="650" ind1=" " ind2=" ">
        <subfield code="a">AGENDA</subfield>
        <subfield code="0">(DHLAUTH)275133</subfield>
    </datafield>
    <datafield tag="FFT" ind1=" " ind2=" ">
        <subfield code="a">http://undhl-dgacm.s3.amazonaws.com/Drop%2FESCWA_special%2Ftemp_id_837%2FE_ESCWA_CAB_1997_1-EN.pdf</subfield>
        <subfield code="d">English</subfield>
        <subfield code="n">E_ESCWA_CAB_1997_1-EN.pdf</subfield>
    </datafield>
</record>