
<record>
    <datafield tag="191" ind1=" " ind2=" ">
        <subfield code="a">E/ESCWA/C.1/18/4(PARTI)/ADD.3</subfield>
    </datafield>
    <datafield tag="245" ind1=" " ind2=" ">
        <subfield code="a">PREPARATIONS FOR REGIONAL PREPARATORY MEETINGS FOR WORLD CONFERENCES : REPORT OF THE EXECUTIVE SECRETARY ON THE ACTIVITIES OF THE COMMISSION:PROGRESS MADE DURING 1994 IN THE IMPLEMENTATION OF THE PROGRAMME OF WORK FOR THE BIENNIUM 1994-1995</subfield>
    </datafield>
    <datafield tag="246" ind1=" " ind2=" ">
        <subfield code="a">التقدم المحرز خلال عام 1994 في تنفيذ برنامج العمل لفترة السنتين 1994-1995 : اعمال التحضير للاجتماعات الاقليمية التحضرية للمؤتمرات العالمية</subfield>
    </datafield>
    <datafield tag="269" ind1=" " ind2=" ">
        <subfield code="a">19950406</subfield>
    </datafield>
    <datafield tag="650" ind1=" " ind2=" ">
        <subfield code="a">WORK PROGRAMME</subfield>
        <subfield code="0">(DHLAUTH)275800</subfield>
    </datafield>
    <datafield tag="650" ind1=" " ind2=" ">
        <subfield code="a">PROGRAMME PRIORITIES</subfield>
        <subfield code="0">(DHLAUTH)275763</subfield>
    </datafield>
    <datafield tag="650" ind1=" " ind2=" ">
        <subfield code="a">ACTIVITIES</subfield>
        <subfield code="0">(DHLAUTH)275823</subfield>
    </datafield>
    <datafield tag="650" ind1=" " ind2=" ">
        <subfield code="a">WESTERN ASIA</subfield>
        <subfield code="0">(DHLAUTH)275490</subfield>
    </datafield>
    <datafield tag="650" ind1=" " ind2=" ">
        <subfield code="a">CONFERENCES</subfield>
        <subfield code="0">(DHLAUTH)275758</subfield>
    </datafield>
    <datafield tag="650" ind1=" " ind2=" ">
        <subfield code="a">PROGRAMME IMPLEMENTATION</subfield>
        <subfield code="0">(DHLAUTH)275794</subfield>
    </datafield>
    <datafield tag="FFT" ind1=" " ind2=" ">
        <subfield code="a">http://undhl-dgacm.s3.amazonaws.com/Drop%2FESCWA_special%2Ftemp_id_1008%2FE_ESCWA_C.1_18_4%28PARTI%29_ADD.3-AR.pdf</subfield>
        <subfield code="d">العربية</subfield>
        <subfield code="n">E_ESCWA_C-1_18_4(PARTI)_ADD-3-AR.pdf</subfield>
    </datafield>
    <datafield tag="FFT" ind1=" " ind2=" ">
        <subfield code="a">http://undhl-dgacm.s3.amazonaws.com/Drop%2FESCWA_special%2Ftemp_id_1008%2FE_ESCWA_C.1_18_4%28PARTI%29_ADD.3-EN.pdf</subfield>
        <subfield code="d">English</subfield>
        <subfield code="n">E_ESCWA_C-1_18_4(PARTI)_ADD-3-EN.pdf</subfield>
    </datafield>
</record>