
<record>
    <datafield tag="191" ind1=" " ind2=" ">
        <subfield code="a">E/ESCWA/DPD/86/2</subfield>
    </datafield>
    <datafield tag="245" ind1=" " ind2=" ">
        <subfield code="a">SURVEY OF ECONOMIC AND SOCIAL DEVELOPMENTS IN THE ESCWA REGION 1985. SUMMARY</subfield>
    </datafield>
    <datafield tag="269" ind1=" " ind2=" ">
        <subfield code="a">19860101</subfield>
    </datafield>
    <datafield tag="650" ind1=" " ind2=" ">
        <subfield code="a">ECONOMIC CONDITIONS</subfield>
        <subfield code="0">(DHLAUTH)269719</subfield>
    </datafield>
    <datafield tag="650" ind1=" " ind2=" ">
        <subfield code="a">ECONOMIC GROWTH</subfield>
        <subfield code="0">(DHLAUTH)269754</subfield>
    </datafield>
    <datafield tag="FFT" ind1=" " ind2=" ">
        <subfield code="a">http://undhl-dgacm.s3.amazonaws.com/Drop%2FESCWA_special%2Ftemp_id_1175%2FE_ESCWA_DPD_86_2-EN.pdf</subfield>
        <subfield code="d">English</subfield>
        <subfield code="n">E_ESCWA_DPD_86_2-EN.pdf</subfield>
    </datafield>
</record>