
<record>
    <datafield tag="191" ind1=" " ind2=" ">
        <subfield code="a">E/ESCWA/DPD/87/21</subfield>
    </datafield>
    <datafield tag="245" ind1=" " ind2=" ">
        <subfield code="a">DEVELOPMENTS IN INTERNATIONAL TRADE AND PAYMENTS OF THE ESCWA REGION</subfield>
    </datafield>
    <datafield tag="269" ind1=" " ind2=" ">
        <subfield code="a">19871224</subfield>
    </datafield>
    <datafield tag="650" ind1=" " ind2=" ">
        <subfield code="a">FOREIGN TRADE</subfield>
        <subfield code="0">(DHLAUTH)272801</subfield>
    </datafield>
    <datafield tag="650" ind1=" " ind2=" ">
        <subfield code="a">MULTILATERAL TRADE NEGOTIATIONS</subfield>
        <subfield code="0">(DHLAUTH)272848</subfield>
    </datafield>
    <datafield tag="650" ind1=" " ind2=" ">
        <subfield code="a">BALANCE OF PAYMENTS</subfield>
        <subfield code="0">(DHLAUTH)270325</subfield>
    </datafield>
    <datafield tag="650" ind1=" " ind2=" ">
        <subfield code="a">MONETARY RESERVES</subfield>
        <subfield code="0">(DHLAUTH)269688</subfield>
    </datafield>
    <datafield tag="650" ind1=" " ind2=" ">
        <subfield code="a">PETROLEUM PRICES</subfield>
        <subfield code="0">(DHLAUTH)269855</subfield>
    </datafield>
    <datafield tag="FFT" ind1=" " ind2=" ">
        <subfield code="a">http://undhl-dgacm.s3.amazonaws.com/Drop%2FESCWA_special%2Ftemp_id_1195%2FE_ESCWA_DPD_87_21-EN.pdf</subfield>
        <subfield code="d">English</subfield>
        <subfield code="n">E_ESCWA_DPD_87_21-EN.pdf</subfield>
    </datafield>
</record>