
<record>
    <datafield tag="191" ind1=" " ind2=" ">
        <subfield code="a">E/ESCWA/DPD/87/23</subfield>
    </datafield>
    <datafield tag="245" ind1=" " ind2=" ">
        <subfield code="a">ARAB BANKS. CURRENT SITUATION AND FUTURE PROSPECTS IN THE LIGHT OF THE FALL IN OIL PRICES, WORLD DEBT CRISIS AND DEVELOPMENTS IN THE INTERNATIONAL FINANCIAL MARKETS</subfield>
    </datafield>
    <datafield tag="269" ind1=" " ind2=" ">
        <subfield code="a">19871130</subfield>
    </datafield>
    <datafield tag="650" ind1=" " ind2=" ">
        <subfield code="a">BANKS</subfield>
        <subfield code="0">(DHLAUTH)270346</subfield>
    </datafield>
    <datafield tag="650" ind1=" " ind2=" ">
        <subfield code="a">PETROLEUM PRICES</subfield>
        <subfield code="0">(DHLAUTH)269855</subfield>
    </datafield>
    <datafield tag="650" ind1=" " ind2=" ">
        <subfield code="a">PETROLEUM REVENUES</subfield>
        <subfield code="0">(DHLAUTH)269856</subfield>
    </datafield>
    <datafield tag="650" ind1=" " ind2=" ">
        <subfield code="a">BANKING STATISTICS</subfield>
        <subfield code="0">(DHLAUTH)276561</subfield>
    </datafield>
    <datafield tag="FFT" ind1=" " ind2=" ">
        <subfield code="a">http://undhl-dgacm.s3.amazonaws.com/Drop%2FESCWA_special%2Ftemp_id_1197%2FE_ESCWA_DPD_87_23-EN.pdf</subfield>
        <subfield code="d">English</subfield>
        <subfield code="n">E_ESCWA_DPD_87_23-EN.pdf</subfield>
    </datafield>
</record>