
<record>
    <datafield tag="191" ind1=" " ind2=" ">
        <subfield code="a">E/ESCWA/ECU/87/3</subfield>
    </datafield>
    <datafield tag="245" ind1=" " ind2=" ">
        <subfield code="a">مشاكل النفايات الصلبة والآثار البيئية للنمو الحضري في غرب اسيا, ندوة حول النفايات الصلبة في المجتمعات الحضرية في غربي آسيا الكويت, 20-22-04-1987</subfield>
    </datafield>
    <datafield tag="269" ind1=" " ind2=" ">
        <subfield code="a">19870308</subfield>
    </datafield>
    <datafield tag="650" ind1=" " ind2=" ">
        <subfield code="a">WESTERN ASIA</subfield>
        <subfield code="0">(DHLAUTH)275490</subfield>
    </datafield>
    <datafield tag="650" ind1=" " ind2=" ">
        <subfield code="a">ENVIRONMENTAL DEGRADATION</subfield>
        <subfield code="0">(DHLAUTH)270632</subfield>
    </datafield>
    <datafield tag="650" ind1=" " ind2=" ">
        <subfield code="a">ENVIRONMENTAL PROTECTION</subfield>
        <subfield code="0">(DHLAUTH)270598</subfield>
    </datafield>
    <datafield tag="650" ind1=" " ind2=" ">
        <subfield code="a">POPULATION GROWTH</subfield>
        <subfield code="0">(DHLAUTH)272944</subfield>
    </datafield>
    <datafield tag="650" ind1=" " ind2=" ">
        <subfield code="a">POLLUTION CONTROL</subfield>
        <subfield code="0">(DHLAUTH)270661</subfield>
    </datafield>
    <datafield tag="650" ind1=" " ind2=" ">
        <subfield code="a">URBAN DEVELOPMENT</subfield>
        <subfield code="0">(DHLAUTH)269970</subfield>
    </datafield>
    <datafield tag="650" ind1=" " ind2=" ">
        <subfield code="a">SOLID WASTE MANAGEMENT</subfield>
        <subfield code="0">(DHLAUTH)270665</subfield>
    </datafield>
    <datafield tag="650" ind1=" " ind2=" ">
        <subfield code="a">TOXIC WASTE MANAGEMENT</subfield>
        <subfield code="0">(DHLAUTH)270673</subfield>
    </datafield>
    <datafield tag="650" ind1=" " ind2=" ">
        <subfield code="a">HAZARDOUS WASTES</subfield>
        <subfield code="0">(DHLAUTH)270865</subfield>
    </datafield>
    <datafield tag="FFT" ind1=" " ind2=" ">
        <subfield code="a">http://undhl-dgacm.s3.amazonaws.com/Drop%2FESCWA_special%2Ftemp_id_1295%2FE_ESCWA_ECU_87_3-AR.pdf</subfield>
        <subfield code="d">العربية</subfield>
        <subfield code="n">E_ESCWA_ECU_87_3-AR.pdf</subfield>
    </datafield>
</record>