
<record>
    <datafield tag="191" ind1=" " ind2=" ">
        <subfield code="a">E/ESCWA/ECU/87/4</subfield>
    </datafield>
    <datafield tag="245" ind1=" " ind2=" ">
        <subfield code="a">PROJECT PROPOSAL STRENGTHENING ENVIRONMENTAL ADMINISTRATION IN WESTERN ASIA</subfield>
    </datafield>
    <datafield tag="269" ind1=" " ind2=" ">
        <subfield code="a">19870808</subfield>
    </datafield>
    <datafield tag="650" ind1=" " ind2=" ">
        <subfield code="a">WESTERN ASIA</subfield>
        <subfield code="0">(DHLAUTH)275490</subfield>
    </datafield>
    <datafield tag="650" ind1=" " ind2=" ">
        <subfield code="a">PUBLIC INSTITUTIONS</subfield>
        <subfield code="0">(DHLAUTH)269948</subfield>
    </datafield>
    <datafield tag="650" ind1=" " ind2=" ">
        <subfield code="a">HUMAN RESOURCES</subfield>
        <subfield code="0">(DHLAUTH)270571</subfield>
    </datafield>
    <datafield tag="650" ind1=" " ind2=" ">
        <subfield code="a">PROJECT ACTIVITIES</subfield>
        <subfield code="0">(DHLAUTH)275801</subfield>
    </datafield>
    <datafield tag="FFT" ind1=" " ind2=" ">
        <subfield code="a">http://undhl-dgacm.s3.amazonaws.com/Drop%2FESCWA_special%2Ftemp_id_1296%2FE_ESCWA_ECU_87_4-EN.pdf</subfield>
        <subfield code="d">English</subfield>
        <subfield code="n">E_ESCWA_ECU_87_4-EN.pdf</subfield>
    </datafield>
</record>