
<record>
    <datafield tag="191" ind1=" " ind2=" ">
        <subfield code="a">E/ESCWA/EDGD/2011/TECHNICAL PAPER.3</subfield>
    </datafield>
    <datafield tag="245" ind1=" " ind2=" ">
        <subfield code="a">FOREIGN DIRECT INVESTMENT REPORT 2011</subfield>
    </datafield>
    <datafield tag="269" ind1=" " ind2=" ">
        <subfield code="a">20120101</subfield>
    </datafield>
    <datafield tag="650" ind1=" " ind2=" ">
        <subfield code="a">WESTERN ASIA</subfield>
        <subfield code="0">(DHLAUTH)275490</subfield>
    </datafield>
    <datafield tag="650" ind1=" " ind2=" ">
        <subfield code="a">FOREIGN DIRECT INVESTMENT</subfield>
        <subfield code="0">(DHLAUTH)269863</subfield>
    </datafield>
    <datafield tag="650" ind1=" " ind2=" ">
        <subfield code="a">GROSS DOMESTIC PRODUCT</subfield>
        <subfield code="0">(DHLAUTH)269801</subfield>
    </datafield>
    <datafield tag="650" ind1=" " ind2=" ">
        <subfield code="a">EGYPT</subfield>
        <subfield code="0">(DHLAUTH)273328</subfield>
    </datafield>
    <datafield tag="650" ind1=" " ind2=" ">
        <subfield code="a">SAUDI ARABIA</subfield>
        <subfield code="0">(DHLAUTH)273464</subfield>
    </datafield>
    <datafield tag="650" ind1=" " ind2=" ">
        <subfield code="a">UNITED ARAB EMIRATES</subfield>
        <subfield code="0">(DHLAUTH)275604</subfield>
    </datafield>
    <datafield tag="650" ind1=" " ind2=" ">
        <subfield code="a">STATISTICAL DATA</subfield>
        <subfield code="0">(DHLAUTH)270233</subfield>
    </datafield>
    <datafield tag="650" ind1=" " ind2=" ">
        <subfield code="a">BAHRAIN</subfield>
        <subfield code="0">(DHLAUTH)273274</subfield>
    </datafield>
    <datafield tag="650" ind1=" " ind2=" ">
        <subfield code="a">JORDAN</subfield>
        <subfield code="0">(DHLAUTH)269099</subfield>
    </datafield>
    <datafield tag="650" ind1=" " ind2=" ">
        <subfield code="a">OMAN</subfield>
        <subfield code="0">(DHLAUTH)273438</subfield>
    </datafield>
    <datafield tag="650" ind1=" " ind2=" ">
        <subfield code="a">KUWAIT</subfield>
        <subfield code="0">(DHLAUTH)273384</subfield>
    </datafield>
    <datafield tag="650" ind1=" " ind2=" ">
        <subfield code="a">PALESTINE</subfield>
        <subfield code="0">(DHLAUTH)277398</subfield>
    </datafield>
    <datafield tag="650" ind1=" " ind2=" ">
        <subfield code="a">QATAR</subfield>
        <subfield code="0">(DHLAUTH)275603</subfield>
    </datafield>
    <datafield tag="650" ind1=" " ind2=" ">
        <subfield code="a">SUDAN</subfield>
        <subfield code="0">(DHLAUTH)273486</subfield>
    </datafield>
    <datafield tag="650" ind1=" " ind2=" ">
        <subfield code="a">YEMEN</subfield>
        <subfield code="0">(DHLAUTH)273521</subfield>
    </datafield>
    <datafield tag="650" ind1=" " ind2=" ">
        <subfield code="a">SYRIAN ARAB REPUBLIC</subfield>
        <subfield code="0">(DHLAUTH)273496</subfield>
    </datafield>
    <datafield tag="650" ind1=" " ind2=" ">
        <subfield code="a">LEBANON</subfield>
        <subfield code="0">(DHLAUTH)269069</subfield>
    </datafield>
    <datafield tag="650" ind1=" " ind2=" ">
        <subfield code="a">BUSINESS</subfield>
        <subfield code="0">(DHLAUTH)269198</subfield>
    </datafield>
    <datafield tag="FFT" ind1=" " ind2=" ">
        <subfield code="a">http://undhl-dgacm.s3.amazonaws.com/Drop%2FESCWA_special%2Ftemp_id_1431%2FE_ESCWA_EDGD_2011_TECHNICAL%20PAPER.3-EN.pdf</subfield>
        <subfield code="d">English</subfield>
        <subfield code="n">E_ESCWA_EDGD_2011_TECHNICALPAPER-3-EN.pdf</subfield>
    </datafield>
</record>