
<record>
    <datafield tag="191" ind1=" " ind2=" ">
        <subfield code="a">E/ESCWA/EDGD/2014/IG.1/4(PART I)</subfield>
    </datafield>
    <datafield tag="245" ind1=" " ind2=" ">
        <subfield code="a">التقدم المحرز في تنفيذ مكونات نظام النقل المتكامل في المشرق العربي : اتفاق السكك الحديدية الدولية في المشرق العربي : اللجنة الاقتصادية والاجتماعية لغربي آسيا (الاسكوا)، لجنة النقل،  الدورة الخامسة عشرة، الرباط ، 27 - 28 كانون الثاني/يناير 2015</subfield>
    </datafield>
    <datafield tag="269" ind1=" " ind2=" ">
        <subfield code="a">20140826</subfield>
    </datafield>
    <datafield tag="650" ind1=" " ind2=" ">
        <subfield code="a">TRANSPORT</subfield>
        <subfield code="0">(DHLAUTH)272243</subfield>
    </datafield>
    <datafield tag="650" ind1=" " ind2=" ">
        <subfield code="a">TRANSPORT SYSTEMS</subfield>
        <subfield code="0">(DHLAUTH)268907</subfield>
    </datafield>
    <datafield tag="650" ind1=" " ind2=" ">
        <subfield code="a">RAILWAY TRANSPORT</subfield>
        <subfield code="0">(DHLAUTH)272573</subfield>
    </datafield>
    <datafield tag="650" ind1=" " ind2=" ">
        <subfield code="a">TRANSPORT AGREEMENTS</subfield>
        <subfield code="0">(DHLAUTH)581346</subfield>
    </datafield>
    <datafield tag="650" ind1=" " ind2=" ">
        <subfield code="a">ARAB COUNTRIES</subfield>
        <subfield code="0">(DHLAUTH)268705</subfield>
    </datafield>
    <datafield tag="650" ind1=" " ind2=" ">
        <subfield code="a">CONFERENCES</subfield>
        <subfield code="0">(DHLAUTH)275758</subfield>
    </datafield>
    <datafield tag="FFT" ind1=" " ind2=" ">
        <subfield code="a">http://undhl-dgacm.s3.amazonaws.com/Drop%2FESCWA_special%2Ftemp_id_1456%2FE_ESCWA_EDGD_2014_IG.1_4%28PART%20I%29-AR.pdf</subfield>
        <subfield code="d">العربية</subfield>
        <subfield code="n">E_ESCWA_EDGD_2014_IG-1_4(PARTI)-AR.pdf</subfield>
    </datafield>
</record>