
<record>
    <datafield tag="191" ind1=" " ind2=" ">
        <subfield code="a">E/ESCWA/EDID/2015/IG.2/9/REPORT</subfield>
    </datafield>
    <datafield tag="245" ind1=" " ind2=" ">
        <subfield code="a">REPORT : TENTH SESSION OF THE COMMITTEE ON LIBERALIZATION OF FOREIGN TRADE, ECONOMIC GLOBALIZATION AND FINANCING FOR DEVELOPMENT, CAIRO, 22 - 23 NOVEMBER 2015</subfield>
    </datafield>
    <datafield tag="246" ind1=" " ind2=" ">
        <subfield code="a">تقرير الدورة العاشرة للجنة الفنية المعنية بتحرير التجارة الخارجية والعولمة الاقتصادية وتمويل التنمية في بلدان منطقة الاسكوا، القاهرة، 22 - 23 تشرين الثاني/نوفمبر 2015</subfield>
    </datafield>
    <datafield tag="269" ind1=" " ind2=" ">
        <subfield code="a">20151203</subfield>
    </datafield>
    <datafield tag="650" ind1=" " ind2=" ">
        <subfield code="a">FOREIGN TRADE</subfield>
        <subfield code="0">(DHLAUTH)272801</subfield>
    </datafield>
    <datafield tag="650" ind1=" " ind2=" ">
        <subfield code="a">TRADE LIBERALIZATION</subfield>
        <subfield code="0">(DHLAUTH)272834</subfield>
    </datafield>
    <datafield tag="650" ind1=" " ind2=" ">
        <subfield code="a">GLOBALIZATION</subfield>
        <subfield code="0">(DHLAUTH)276685</subfield>
    </datafield>
    <datafield tag="650" ind1=" " ind2=" ">
        <subfield code="a">DEVELOPMENT FINANCE</subfield>
        <subfield code="0">(DHLAUTH)269876</subfield>
    </datafield>
    <datafield tag="650" ind1=" " ind2=" ">
        <subfield code="a">INTERGOVERNMENTAL BODIES</subfield>
        <subfield code="0">(DHLAUTH)275766</subfield>
    </datafield>
    <datafield tag="650" ind1=" " ind2=" ">
        <subfield code="a">REGIONAL COMMISSIONS</subfield>
        <subfield code="0">(DHLAUTH)269969</subfield>
    </datafield>
    <datafield tag="650" ind1=" " ind2=" ">
        <subfield code="a">WESTERN ASIA</subfield>
        <subfield code="0">(DHLAUTH)275490</subfield>
    </datafield>
    <datafield tag="650" ind1=" " ind2=" ">
        <subfield code="a">ARAB COUNTRIES</subfield>
        <subfield code="0">(DHLAUTH)268705</subfield>
    </datafield>
    <datafield tag="650" ind1=" " ind2=" ">
        <subfield code="a">CONFERENCES</subfield>
        <subfield code="0">(DHLAUTH)275758</subfield>
    </datafield>
    <datafield tag="FFT" ind1=" " ind2=" ">
        <subfield code="a">http://undhl-dgacm.s3.amazonaws.com/Drop%2FESCWA_special%2Ftemp_id_1469%2FE_ESCWA_EDID_2015_IG.2_9_REPORT-AR.pdf</subfield>
        <subfield code="d">العربية</subfield>
        <subfield code="n">E_ESCWA_EDID_2015_IG-2_9_REPORT-AR.pdf</subfield>
    </datafield>
    <datafield tag="FFT" ind1=" " ind2=" ">
        <subfield code="a">http://undhl-dgacm.s3.amazonaws.com/Drop%2FESCWA_special%2Ftemp_id_1469%2FE_ESCWA_EDID_2015_IG.2_9_REPORT-EN.pdf</subfield>
        <subfield code="d">English</subfield>
        <subfield code="n">E_ESCWA_EDID_2015_IG-2_9_REPORT-EN.pdf</subfield>
    </datafield>
</record>