
<record>
    <datafield tag="191" ind1=" " ind2=" ">
        <subfield code="a">E/ESCWA/ENV/1993/1</subfield>
    </datafield>
    <datafield tag="245" ind1=" " ind2=" ">
        <subfield code="a">MANAGEMENT AND ENVIRONMENTAL IMPACT ASSESSMENT OF URBAN SOLID WASTES: CASE STUDY OF ALEXANDRIA METROPOLITAN AREA</subfield>
    </datafield>
    <datafield tag="269" ind1=" " ind2=" ">
        <subfield code="a">19930201</subfield>
    </datafield>
    <datafield tag="650" ind1=" " ind2=" ">
        <subfield code="a">CONFERENCES</subfield>
        <subfield code="0">(DHLAUTH)275758</subfield>
    </datafield>
    <datafield tag="650" ind1=" " ind2=" ">
        <subfield code="a">ENVIRONMENTAL MANAGEMENT</subfield>
        <subfield code="0">(DHLAUTH)270590</subfield>
    </datafield>
    <datafield tag="650" ind1=" " ind2=" ">
        <subfield code="a">ENVIRONMENTAL IMPACT ASSESSMENT</subfield>
        <subfield code="0">(DHLAUTH)270597</subfield>
    </datafield>
    <datafield tag="650" ind1=" " ind2=" ">
        <subfield code="a">SOLID WASTE MANAGEMENT</subfield>
        <subfield code="0">(DHLAUTH)270665</subfield>
    </datafield>
    <datafield tag="650" ind1=" " ind2=" ">
        <subfield code="a">COSTS</subfield>
        <subfield code="0">(DHLAUTH)269595</subfield>
    </datafield>
    <datafield tag="650" ind1=" " ind2=" ">
        <subfield code="a">URBAN AREAS</subfield>
        <subfield code="0">(DHLAUTH)271447</subfield>
    </datafield>
    <datafield tag="650" ind1=" " ind2=" ">
        <subfield code="a">CASE STUDIES</subfield>
        <subfield code="0">(DHLAUTH)274639</subfield>
    </datafield>
    <datafield tag="650" ind1=" " ind2=" ">
        <subfield code="a">ALEXANDRIA (EGYPT)</subfield>
        <subfield code="0">(DHLAUTH)276750</subfield>
    </datafield>
    <datafield tag="FFT" ind1=" " ind2=" ">
        <subfield code="a">http://undhl-dgacm.s3.amazonaws.com/Drop%2FESCWA_special%2Ftemp_id_2171%2FE_ESCWA_ENV_1993_1-EN.pdf</subfield>
        <subfield code="d">English</subfield>
        <subfield code="n">E_ESCWA_ENV_1993_1-EN.pdf</subfield>
    </datafield>
</record>