
<record>
    <datafield tag="191" ind1=" " ind2=" ">
        <subfield code="a">E/ESCWA/GRID/2004/WG.2/3</subfield>
    </datafield>
    <datafield tag="245" ind1=" " ind2=" ">
        <subfield code="a">WARAQAT 'AMAL : NADWAT IHSA`AT AL-TIJARAH AL-DUWALIYAH FI AL-KHADAMA AHAMAD ABDALLAH AL-NA'IMI</subfield>
    </datafield>
    <datafield tag="269" ind1=" " ind2=" ">
        <subfield code="a">20041213</subfield>
    </datafield>
    <datafield tag="650" ind1=" " ind2=" ">
        <subfield code="a">TRADE STATISTICS</subfield>
        <subfield code="0">(DHLAUTH)270201</subfield>
    </datafield>
    <datafield tag="650" ind1=" " ind2=" ">
        <subfield code="a">TRADE IN SERVICES</subfield>
        <subfield code="0">(DHLAUTH)272229</subfield>
    </datafield>
</record>