
<record>
    <datafield tag="191" ind1=" " ind2=" ">
        <subfield code="a">E/ESCWA/HS/87/2</subfield>
    </datafield>
    <datafield tag="245" ind1=" " ind2=" ">
        <subfield code="a">REPORT TO THE COMMISSION: HUMAN SETTLEMENTS DEVELOPMENT PROBLEMS OF SETTLEMENT PLANNING AND NEED FOR ASSISTANCE IN THE ESCWA REGION</subfield>
    </datafield>
    <datafield tag="246" ind1=" " ind2=" ">
        <subfield code="a">تقرير الى اللجنة تطوير المستوطنات البشرية والمشاكل المتعلقة بتخطيط المستوطنات والحاجة الى المساعدة في منطقة الاسكوا</subfield>
    </datafield>
    <datafield tag="269" ind1=" " ind2=" ">
        <subfield code="a">19871207</subfield>
    </datafield>
    <datafield tag="650" ind1=" " ind2=" ">
        <subfield code="a">URBANIZATION</subfield>
        <subfield code="0">(DHLAUTH)273116</subfield>
    </datafield>
    <datafield tag="650" ind1=" " ind2=" ">
        <subfield code="a">URBAN AREAS</subfield>
        <subfield code="0">(DHLAUTH)271447</subfield>
    </datafield>
    <datafield tag="650" ind1=" " ind2=" ">
        <subfield code="a">SETTLEMENT PLANNING</subfield>
        <subfield code="0">(DHLAUTH)271450</subfield>
    </datafield>
    <datafield tag="650" ind1=" " ind2=" ">
        <subfield code="a">TECHNICAL COOPERATION</subfield>
        <subfield code="0">(DHLAUTH)268658</subfield>
    </datafield>
    <datafield tag="650" ind1=" " ind2=" ">
        <subfield code="a">WESTERN ASIA</subfield>
        <subfield code="0">(DHLAUTH)275490</subfield>
    </datafield>
    <datafield tag="FFT" ind1=" " ind2=" ">
        <subfield code="a">http://undhl-dgacm.s3.amazonaws.com/Drop%2FESCWA_special%2Ftemp_id_2449%2FE_ESCWA_HS_87_2-AR.pdf</subfield>
        <subfield code="d">العربية</subfield>
        <subfield code="n">E_ESCWA_HS_87_2-AR.pdf</subfield>
    </datafield>
    <datafield tag="FFT" ind1=" " ind2=" ">
        <subfield code="a">http://undhl-dgacm.s3.amazonaws.com/Drop%2FESCWA_special%2Ftemp_id_2449%2FE_ESCWA_HS_87_2-EN.pdf</subfield>
        <subfield code="d">English</subfield>
        <subfield code="n">E_ESCWA_HS_87_2-EN.pdf</subfield>
    </datafield>
</record>