
<record>
    <datafield tag="191" ind1=" " ind2=" ">
        <subfield code="a">E/ESCWA/ICTD/2011/3</subfield>
    </datafield>
    <datafield tag="245" ind1=" " ind2=" ">
        <subfield code="a">نشرة تكنولوجيا المعلومات والإتصالات للتنمية في غربي آسيا العدد 15</subfield>
    </datafield>
    <datafield tag="269" ind1=" " ind2=" ">
        <subfield code="a">20111101</subfield>
    </datafield>
    <datafield tag="650" ind1=" " ind2=" ">
        <subfield code="a">INFORMATION TECHNOLOGY</subfield>
        <subfield code="0">(DHLAUTH)272714</subfield>
    </datafield>
    <datafield tag="650" ind1=" " ind2=" ">
        <subfield code="a">COMMUNICATION TECHNOLOGY</subfield>
        <subfield code="0">(DHLAUTH)272713</subfield>
    </datafield>
    <datafield tag="650" ind1=" " ind2=" ">
        <subfield code="a">INTERNET</subfield>
        <subfield code="0">(DHLAUTH)438931</subfield>
    </datafield>
    <datafield tag="650" ind1=" " ind2=" ">
        <subfield code="a">INFORMATICS</subfield>
        <subfield code="0">(DHLAUTH)275151</subfield>
    </datafield>
    <datafield tag="650" ind1=" " ind2=" ">
        <subfield code="a">WESTERN ASIA</subfield>
        <subfield code="0">(DHLAUTH)275490</subfield>
    </datafield>
    <datafield tag="650" ind1=" " ind2=" ">
        <subfield code="a">ARAB COUNTRIES</subfield>
        <subfield code="0">(DHLAUTH)268705</subfield>
    </datafield>
    <datafield tag="650" ind1=" " ind2=" ">
        <subfield code="a">CHILDREN</subfield>
        <subfield code="0">(DHLAUTH)269400</subfield>
    </datafield>
    <datafield tag="650" ind1=" " ind2=" ">
        <subfield code="a">EGYPT</subfield>
        <subfield code="0">(DHLAUTH)273328</subfield>
    </datafield>
    <datafield tag="650" ind1=" " ind2=" ">
        <subfield code="a">UNITED STATES</subfield>
        <subfield code="0">(DHLAUTH)9644</subfield>
    </datafield>
    <datafield tag="650" ind1=" " ind2=" ">
        <subfield code="a">SOCIAL MOVEMENTS</subfield>
        <subfield code="0">(DHLAUTH)268461</subfield>
    </datafield>
    <datafield tag="650" ind1=" " ind2=" ">
        <subfield code="a">ONLINE SEARCHING</subfield>
        <subfield code="0">(DHLAUTH)275148</subfield>
    </datafield>
    <datafield tag="650" ind1=" " ind2=" ">
        <subfield code="a">LOCAL DEVELOPMENT</subfield>
        <subfield code="0">(DHLAUTH)528317</subfield>
    </datafield>
    <datafield tag="FFT" ind1=" " ind2=" ">
        <subfield code="a">http://undhl-dgacm.s3.amazonaws.com/Drop%2FESCWA_special%2Ftemp_id_2661%2FE_ESCWA_ICTD_2011_3-AR.pdf</subfield>
        <subfield code="d">العربية</subfield>
        <subfield code="n">E_ESCWA_ICTD_2011_3-AR.pdf</subfield>
    </datafield>
</record>