
<record>
    <datafield tag="191" ind1=" " ind2=" ">
        <subfield code="a">E/ESCWA/ID/1992/17</subfield>
    </datafield>
    <datafield tag="245" ind1=" " ind2=" ">
        <subfield code="a">دليل المدرب حول كيف تؤسس مشروعا خاصا بك</subfield>
    </datafield>
    <datafield tag="269" ind1=" " ind2=" ">
        <subfield code="a">19921011</subfield>
    </datafield>
    <datafield tag="650" ind1=" " ind2=" ">
        <subfield code="a">SOCIAL CONDITIONS</subfield>
        <subfield code="0">(DHLAUTH)268327</subfield>
    </datafield>
    <datafield tag="650" ind1=" " ind2=" ">
        <subfield code="a">VOCATIONAL TRAINING</subfield>
        <subfield code="0">(DHLAUTH)271390</subfield>
    </datafield>
    <datafield tag="650" ind1=" " ind2=" ">
        <subfield code="a">TRAINING PROGRAMMES</subfield>
        <subfield code="0">(DHLAUTH)274026</subfield>
    </datafield>
    <datafield tag="650" ind1=" " ind2=" ">
        <subfield code="a">PILOT PROJECTS</subfield>
        <subfield code="0">(DHLAUTH)275768</subfield>
    </datafield>
    <datafield tag="650" ind1=" " ind2=" ">
        <subfield code="a">EVIDENCE</subfield>
        <subfield code="0">(DHLAUTH)269229</subfield>
    </datafield>
    <datafield tag="650" ind1=" " ind2=" ">
        <subfield code="a">WESTERN ASIA</subfield>
        <subfield code="0">(DHLAUTH)275490</subfield>
    </datafield>
    <datafield tag="FFT" ind1=" " ind2=" ">
        <subfield code="a">http://undhl-dgacm.s3.amazonaws.com/Drop%2FESCWA_special%2Ftemp_id_2696%2FE_ESCWA_ID_1992_17-AR.pdf</subfield>
        <subfield code="d">العربية</subfield>
        <subfield code="n">E_ESCWA_ID_1992_17-AR.pdf</subfield>
    </datafield>
</record>