
<record>
    <datafield tag="191" ind1=" " ind2=" ">
        <subfield code="a">E/ESCWA/ID/1997/3</subfield>
    </datafield>
    <datafield tag="245" ind1=" " ind2=" ">
        <subfield code="a">تنمية القدرات الريادية في الاعمال حول كيف تؤسس مشروعا خاصا بك: دليل المدرب</subfield>
    </datafield>
    <datafield tag="269" ind1=" " ind2=" ">
        <subfield code="a">19970821</subfield>
    </datafield>
    <datafield tag="650" ind1=" " ind2=" ">
        <subfield code="a">SOCIAL ASPECTS</subfield>
        <subfield code="0">(DHLAUTH)274710</subfield>
    </datafield>
    <datafield tag="650" ind1=" " ind2=" ">
        <subfield code="a">VOCATIONAL EDUCATION</subfield>
        <subfield code="0">(DHLAUTH)271333</subfield>
    </datafield>
    <datafield tag="650" ind1=" " ind2=" ">
        <subfield code="a">DIRECTORIES</subfield>
        <subfield code="0">(DHLAUTH)275130</subfield>
    </datafield>
    <datafield tag="650" ind1=" " ind2=" ">
        <subfield code="a">WESTERN ASIA</subfield>
        <subfield code="0">(DHLAUTH)275490</subfield>
    </datafield>
    <datafield tag="650" ind1=" " ind2=" ">
        <subfield code="a">PILOT PROJECTS</subfield>
        <subfield code="0">(DHLAUTH)275768</subfield>
    </datafield>
    <datafield tag="FFT" ind1=" " ind2=" ">
        <subfield code="a">http://undhl-dgacm.s3.amazonaws.com/Drop%2FESCWA_special%2Ftemp_id_2742%2FE_ESCWA_ID_1997_3-AR.pdf</subfield>
        <subfield code="d">العربية</subfield>
        <subfield code="n">E_ESCWA_ID_1997_3-AR.pdf</subfield>
    </datafield>
</record>