
<record>
    <datafield tag="191" ind1=" " ind2=" ">
        <subfield code="a">E/ESCWA/ID/88/1</subfield>
    </datafield>
    <datafield tag="245" ind1=" " ind2=" ">
        <subfield code="a">DIAGNOSIS OF PROBLEMS IN SELECTED INDUSTRIAL ESTABLISHMENTS AND SUGGESTED SOLUTIONS REPORT ON TECHNICAL ASSISTANCE MISSION TO SULTANATE OF OMAN, 5-19 DECEMBER 1987</subfield>
    </datafield>
    <datafield tag="269" ind1=" " ind2=" ">
        <subfield code="a">19880202</subfield>
    </datafield>
    <datafield tag="650" ind1=" " ind2=" ">
        <subfield code="a">ADVISORY SERVICES</subfield>
        <subfield code="0">(DHLAUTH)269860</subfield>
    </datafield>
    <datafield tag="650" ind1=" " ind2=" ">
        <subfield code="a">TECHNICAL COOPERATION</subfield>
        <subfield code="0">(DHLAUTH)268658</subfield>
    </datafield>
    <datafield tag="650" ind1=" " ind2=" ">
        <subfield code="a">OMAN</subfield>
        <subfield code="0">(DHLAUTH)273438</subfield>
    </datafield>
    <datafield tag="650" ind1=" " ind2=" ">
        <subfield code="a">INDUSTRIAL ENTERPRISES</subfield>
        <subfield code="0">(DHLAUTH)271803</subfield>
    </datafield>
    <datafield tag="650" ind1=" " ind2=" ">
        <subfield code="a">CONSTRUCTION INDUSTRY</subfield>
        <subfield code="0">(DHLAUTH)272112</subfield>
    </datafield>
    <datafield tag="650" ind1=" " ind2=" ">
        <subfield code="a">INDUSTRIAL PRODUCTS</subfield>
        <subfield code="0">(DHLAUTH)271814</subfield>
    </datafield>
    <datafield tag="650" ind1=" " ind2=" ">
        <subfield code="a">PAPER</subfield>
        <subfield code="0">(DHLAUTH)272171</subfield>
    </datafield>
    <datafield tag="650" ind1=" " ind2=" ">
        <subfield code="a">PESTICIDES INDUSTRY</subfield>
        <subfield code="0">(DHLAUTH)271740</subfield>
    </datafield>
    <datafield tag="650" ind1=" " ind2=" ">
        <subfield code="a">ESTABLISHMENT</subfield>
        <subfield code="0">(DHLAUTH)275765</subfield>
    </datafield>
    <datafield tag="FFT" ind1=" " ind2=" ">
        <subfield code="a">http://undhl-dgacm.s3.amazonaws.com/Drop%2FESCWA_special%2Ftemp_id_2887%2FE_ESCWA_ID_88_1-EN.pdf</subfield>
        <subfield code="d">English</subfield>
        <subfield code="n">E_ESCWA_ID_88_1-EN.pdf</subfield>
    </datafield>
</record>