
<record>
    <datafield tag="191" ind1=" " ind2=" ">
        <subfield code="a">E/ESCWA/ID/89/CONF.1/31</subfield>
    </datafield>
    <datafield tag="245" ind1=" " ind2=" ">
        <subfield code="a">ARACHIDONIC AND EICOSAPENTAENOIC ACIDS IN LIPIDS OF PLANT CELL CULTURES, MACROALGAE, MOSSES AND FUNGI</subfield>
    </datafield>
    <datafield tag="269" ind1=" " ind2=" ">
        <subfield code="a">19890331</subfield>
    </datafield>
    <datafield tag="650" ind1=" " ind2=" ">
        <subfield code="a">BIOTECHNOLOGY</subfield>
        <subfield code="0">(DHLAUTH)272309</subfield>
    </datafield>
    <datafield tag="650" ind1=" " ind2=" ">
        <subfield code="a">GENETIC ENGINEERING</subfield>
        <subfield code="0">(DHLAUTH)271430</subfield>
    </datafield>
    <datafield tag="650" ind1=" " ind2=" ">
        <subfield code="a">PLANTS</subfield>
        <subfield code="0">(DHLAUTH)270937</subfield>
    </datafield>
    <datafield tag="650" ind1=" " ind2=" ">
        <subfield code="a">TISSUE CULTURE</subfield>
        <subfield code="0">(DHLAUTH)273981</subfield>
    </datafield>
    <datafield tag="650" ind1=" " ind2=" ">
        <subfield code="a">CONFERENCES</subfield>
        <subfield code="0">(DHLAUTH)275758</subfield>
    </datafield>
    <datafield tag="650" ind1=" " ind2=" ">
        <subfield code="a">WESTERN ASIA</subfield>
        <subfield code="0">(DHLAUTH)275490</subfield>
    </datafield>
    <datafield tag="FFT" ind1=" " ind2=" ">
        <subfield code="a">http://undhl-dgacm.s3.amazonaws.com/Drop%2FESCWA_special%2Ftemp_id_2924%2FE_ESCWA_ID_89_CONF.1_31-EN.pdf</subfield>
        <subfield code="d">English</subfield>
        <subfield code="n">E_ESCWA_ID_89_CONF-1_31-EN.pdf</subfield>
    </datafield>
</record>