
<record>
    <datafield tag="191" ind1=" " ind2=" ">
        <subfield code="a">E/ESCWA/NR/1993/10</subfield>
    </datafield>
    <datafield tag="245" ind1=" " ind2=" ">
        <subfield code="a">SURVEY AND ASSESSMENT OF ENERGY-RELATED ACTIVITIES IN THE ESCWA REGION, 1992</subfield>
    </datafield>
    <datafield tag="269" ind1=" " ind2=" ">
        <subfield code="a">19930803</subfield>
    </datafield>
    <datafield tag="650" ind1=" " ind2=" ">
        <subfield code="a">PETROLEUM PRICES</subfield>
        <subfield code="0">(DHLAUTH)269855</subfield>
    </datafield>
    <datafield tag="650" ind1=" " ind2=" ">
        <subfield code="a">SUPPLY AND DEMAND</subfield>
        <subfield code="0">(DHLAUTH)269584</subfield>
    </datafield>
    <datafield tag="650" ind1=" " ind2=" ">
        <subfield code="a">PETROLEUM RESERVES</subfield>
        <subfield code="0">(DHLAUTH)271268</subfield>
    </datafield>
    <datafield tag="650" ind1=" " ind2=" ">
        <subfield code="a">PETROLEUM REFINERIES</subfield>
        <subfield code="0">(DHLAUTH)271278</subfield>
    </datafield>
    <datafield tag="650" ind1=" " ind2=" ">
        <subfield code="a">PETROLEUM EXPLORATION</subfield>
        <subfield code="0">(DHLAUTH)271283</subfield>
    </datafield>
    <datafield tag="650" ind1=" " ind2=" ">
        <subfield code="a">NATURAL GAS</subfield>
        <subfield code="0">(DHLAUTH)271228</subfield>
    </datafield>
    <datafield tag="650" ind1=" " ind2=" ">
        <subfield code="a">WESTERN ASIA</subfield>
        <subfield code="0">(DHLAUTH)275490</subfield>
    </datafield>
    <datafield tag="FFT" ind1=" " ind2=" ">
        <subfield code="a">http://undhl-dgacm.s3.amazonaws.com/Drop%2FESCWA_special%2Ftemp_id_2946%2FE_ESCWA_NR_1993_10-EN.pdf</subfield>
        <subfield code="d">English</subfield>
        <subfield code="n">E_ESCWA_NR_1993_10-EN.pdf</subfield>
    </datafield>
</record>