
<record>
    <datafield tag="191" ind1=" " ind2=" ">
        <subfield code="a">E/ESCWA/NR/85/8</subfield>
    </datafield>
    <datafield tag="245" ind1=" " ind2=" ">
        <subfield code="a">ELECTRIC POWER GENERATION AND DISTRIBUTION AND OPPORTUNITIES FOR CO-OPERATION IN THE ESCWA REGION</subfield>
    </datafield>
    <datafield tag="269" ind1=" " ind2=" ">
        <subfield code="a">19851022</subfield>
    </datafield>
    <datafield tag="650" ind1=" " ind2=" ">
        <subfield code="a">ELECTRIC POWER</subfield>
        <subfield code="0">(DHLAUTH)271189</subfield>
    </datafield>
    <datafield tag="650" ind1=" " ind2=" ">
        <subfield code="a">ELECTRIC POWER DISTRIBUTION</subfield>
        <subfield code="0">(DHLAUTH)271191</subfield>
    </datafield>
    <datafield tag="650" ind1=" " ind2=" ">
        <subfield code="a">ELECTRIC POWER PLANTS</subfield>
        <subfield code="0">(DHLAUTH)271192</subfield>
    </datafield>
    <datafield tag="650" ind1=" " ind2=" ">
        <subfield code="a">ELECTRIC POWER RATES</subfield>
        <subfield code="0">(DHLAUTH)268391</subfield>
    </datafield>
    <datafield tag="650" ind1=" " ind2=" ">
        <subfield code="a">ELECTRICAL INDUSTRY</subfield>
        <subfield code="0">(DHLAUTH)272120</subfield>
    </datafield>
    <datafield tag="650" ind1=" " ind2=" ">
        <subfield code="a">ENERGY CONSUMPTION</subfield>
        <subfield code="0">(DHLAUTH)269578</subfield>
    </datafield>
    <datafield tag="650" ind1=" " ind2=" ">
        <subfield code="a">ENERGY PRICES</subfield>
        <subfield code="0">(DHLAUTH)271214</subfield>
    </datafield>
    <datafield tag="650" ind1=" " ind2=" ">
        <subfield code="a">STATISTICAL DATA</subfield>
        <subfield code="0">(DHLAUTH)270233</subfield>
    </datafield>
    <datafield tag="650" ind1=" " ind2=" ">
        <subfield code="a">WESTERN ASIA</subfield>
        <subfield code="0">(DHLAUTH)275490</subfield>
    </datafield>
    <datafield tag="FFT" ind1=" " ind2=" ">
        <subfield code="a">http://undhl-dgacm.s3.amazonaws.com/Drop%2FESCWA_special%2Ftemp_id_2980%2FE_ESCWA_NR_85_8-EN.pdf</subfield>
        <subfield code="d">English</subfield>
        <subfield code="n">E_ESCWA_NR_85_8-EN.pdf</subfield>
    </datafield>
</record>