
<record>
    <datafield tag="191" ind1=" " ind2=" ">
        <subfield code="a">E/ESCWA/NR/88/17</subfield>
    </datafield>
    <datafield tag="245" ind1=" " ind2=" ">
        <subfield code="a">PROJECT PROFILE DISSEMINATION OF PROGRAMMES ON DO IT YOURSELF SMALL SCALE SOLAR EQUIPMENT IN REMOTE AREAS OF THE ESCWA REGION</subfield>
    </datafield>
    <datafield tag="269" ind1=" " ind2=" ">
        <subfield code="a">19880918</subfield>
    </datafield>
    <datafield tag="650" ind1=" " ind2=" ">
        <subfield code="a">PROJECT IDENTIFICATION</subfield>
        <subfield code="0">(DHLAUTH)275804</subfield>
    </datafield>
    <datafield tag="650" ind1=" " ind2=" ">
        <subfield code="a">SOLAR ENERGY</subfield>
        <subfield code="0">(DHLAUTH)271255</subfield>
    </datafield>
    <datafield tag="650" ind1=" " ind2=" ">
        <subfield code="a">PROJECT ACTIVITIES</subfield>
        <subfield code="0">(DHLAUTH)275801</subfield>
    </datafield>
    <datafield tag="650" ind1=" " ind2=" ">
        <subfield code="a">EQUIPMENT AND SUPPLIES</subfield>
        <subfield code="0">(DHLAUTH)271339</subfield>
    </datafield>
    <datafield tag="650" ind1=" " ind2=" ">
        <subfield code="a">SELF-HELP</subfield>
        <subfield code="0">(DHLAUTH)269986</subfield>
    </datafield>
    <datafield tag="FFT" ind1=" " ind2=" ">
        <subfield code="a">http://undhl-dgacm.s3.amazonaws.com/Drop%2FESCWA_special%2Ftemp_id_3009%2FE_ESCWA_NR_88_17-EN.pdf</subfield>
        <subfield code="d">English</subfield>
        <subfield code="n">E_ESCWA_NR_88_17-EN.pdf</subfield>
    </datafield>
</record>