
<record>
    <datafield tag="191" ind1=" " ind2=" ">
        <subfield code="a">E/ESCWA/NR/89/7</subfield>
    </datafield>
    <datafield tag="245" ind1=" " ind2=" ">
        <subfield code="a">تقرير عن المهمة الاستشارية الى وزارة التجارة والزراعة/ ادارة مصادر المياه دولة البحرين خلال الفترة من 10 شباط /فبراير - 4 آذار /مارس  1989</subfield>
    </datafield>
    <datafield tag="269" ind1=" " ind2=" ">
        <subfield code="a">19890410</subfield>
    </datafield>
    <datafield tag="650" ind1=" " ind2=" ">
        <subfield code="a">ADVISORY SERVICES</subfield>
        <subfield code="0">(DHLAUTH)269860</subfield>
    </datafield>
    <datafield tag="650" ind1=" " ind2=" ">
        <subfield code="a">POPULATION</subfield>
        <subfield code="0">(DHLAUTH)272994</subfield>
    </datafield>
    <datafield tag="650" ind1=" " ind2=" ">
        <subfield code="a">WEATHER</subfield>
        <subfield code="0">(DHLAUTH)270545</subfield>
    </datafield>
    <datafield tag="650" ind1=" " ind2=" ">
        <subfield code="a">WATER CONSUMPTION</subfield>
        <subfield code="0">(DHLAUTH)269580</subfield>
    </datafield>
    <datafield tag="650" ind1=" " ind2=" ">
        <subfield code="a">LAWS AND REGULATIONS</subfield>
        <subfield code="0">(DHLAUTH)268352</subfield>
    </datafield>
    <datafield tag="650" ind1=" " ind2=" ">
        <subfield code="a">GROUNDWATER</subfield>
        <subfield code="0">(DHLAUTH)270891</subfield>
    </datafield>
    <datafield tag="650" ind1=" " ind2=" ">
        <subfield code="a">BAHRAIN</subfield>
        <subfield code="0">(DHLAUTH)273274</subfield>
    </datafield>
    <datafield tag="650" ind1=" " ind2=" ">
        <subfield code="a">WESTERN ASIA</subfield>
        <subfield code="0">(DHLAUTH)275490</subfield>
    </datafield>
    <datafield tag="FFT" ind1=" " ind2=" ">
        <subfield code="a">http://undhl-dgacm.s3.amazonaws.com/Drop%2FESCWA_special%2Ftemp_id_3039%2FE_ESCWA_NR_89_7-AR.pdf</subfield>
        <subfield code="d">العربية</subfield>
        <subfield code="n">E_ESCWA_NR_89_7-AR.pdf</subfield>
    </datafield>
</record>