
<record>
    <datafield tag="191" ind1=" " ind2=" ">
        <subfield code="a">E/ESCWA/PI/2009/14</subfield>
    </datafield>
    <datafield tag="245" ind1=" " ind2=" ">
        <subfield code="a">GUIDELINES FOR ENERGY EFFICIENCY IN THE TOURISM SECTOR: STRATEGY, DESIGN, SYSTEMS AND OPERATIONS APPROACH = توجيهات حول كفاءة الطاقة في قطاع السياحة: الاستراتيجية, التصميم, ومنهجية النظم والعمليات</subfield>
    </datafield>
    <datafield tag="269" ind1=" " ind2=" ">
        <subfield code="a">20091201</subfield>
    </datafield>
    <datafield tag="650" ind1=" " ind2=" ">
        <subfield code="a">ENERGY EFFICIENCY</subfield>
        <subfield code="0">(DHLAUTH)271204</subfield>
    </datafield>
    <datafield tag="650" ind1=" " ind2=" ">
        <subfield code="a">WESTERN ASIA</subfield>
        <subfield code="0">(DHLAUTH)275490</subfield>
    </datafield>
    <datafield tag="650" ind1=" " ind2=" ">
        <subfield code="a">TOURISM STATISTICS</subfield>
        <subfield code="0">(DHLAUTH)270200</subfield>
    </datafield>
    <datafield tag="650" ind1=" " ind2=" ">
        <subfield code="a">CLIMATE CHANGE</subfield>
        <subfield code="0">(DHLAUTH)275343</subfield>
    </datafield>
    <datafield tag="650" ind1=" " ind2=" ">
        <subfield code="a">ENERGY CONSUMPTION</subfield>
        <subfield code="0">(DHLAUTH)269578</subfield>
    </datafield>
    <datafield tag="FFT" ind1=" " ind2=" ">
        <subfield code="a">http://undhl-dgacm.s3.amazonaws.com/Drop%2FESCWA_special%2Ftemp_id_3135%2FE_ESCWA_PI_2009_14-EN.pdf</subfield>
        <subfield code="d">English</subfield>
        <subfield code="n">E_ESCWA_PI_2009_14-EN.pdf</subfield>
    </datafield>
</record>