
<record>
    <datafield tag="191" ind1=" " ind2=" ">
        <subfield code="a">E/ESCWA/POP/1992/4</subfield>
    </datafield>
    <datafield tag="245" ind1=" " ind2=" ">
        <subfield code="a">النشرة السكانية اللجنة الاقتصادية والاجتماعية لغربي آسيا, العدد 35كانون الاول 1989/ العدد 36 حزيران 1990/ 37 كانون الاول 1990</subfield>
    </datafield>
    <datafield tag="269" ind1=" " ind2=" ">
        <subfield code="a">19901201</subfield>
    </datafield>
    <datafield tag="650" ind1=" " ind2=" ">
        <subfield code="a">PALESTINIANS</subfield>
        <subfield code="0">(DHLAUTH)269084</subfield>
    </datafield>
    <datafield tag="650" ind1=" " ind2=" ">
        <subfield code="a">WOMEN</subfield>
        <subfield code="0">(DHLAUTH)273032</subfield>
    </datafield>
    <datafield tag="650" ind1=" " ind2=" ">
        <subfield code="a">FERTILITY</subfield>
        <subfield code="0">(DHLAUTH)273021</subfield>
    </datafield>
    <datafield tag="650" ind1=" " ind2=" ">
        <subfield code="a">DEMOGRAPHIC ANALYSIS</subfield>
        <subfield code="0">(DHLAUTH)272979</subfield>
    </datafield>
    <datafield tag="650" ind1=" " ind2=" ">
        <subfield code="a">CHILDREN</subfield>
        <subfield code="0">(DHLAUTH)269400</subfield>
    </datafield>
    <datafield tag="650" ind1=" " ind2=" ">
        <subfield code="a">STATISTICAL DATA</subfield>
        <subfield code="0">(DHLAUTH)270233</subfield>
    </datafield>
    <datafield tag="650" ind1=" " ind2=" ">
        <subfield code="a">HOUSEHOLD SURVEYS</subfield>
        <subfield code="0">(DHLAUTH)270181</subfield>
    </datafield>
    <datafield tag="650" ind1=" " ind2=" ">
        <subfield code="a">CIVIL REGISTRATION</subfield>
        <subfield code="0">(DHLAUTH)272946</subfield>
    </datafield>
    <datafield tag="650" ind1=" " ind2=" ">
        <subfield code="a">GULF STATES</subfield>
        <subfield code="0">(DHLAUTH)275605</subfield>
    </datafield>
    <datafield tag="650" ind1=" " ind2=" ">
        <subfield code="a">ROADS</subfield>
        <subfield code="0">(DHLAUTH)272500</subfield>
    </datafield>
    <datafield tag="650" ind1=" " ind2=" ">
        <subfield code="a">RAINWATER</subfield>
        <subfield code="0">(DHLAUTH)270900</subfield>
    </datafield>
    <datafield tag="650" ind1=" " ind2=" ">
        <subfield code="a">IRAQ</subfield>
        <subfield code="0">(DHLAUTH)273370</subfield>
    </datafield>
    <datafield tag="650" ind1=" " ind2=" ">
        <subfield code="a">POPULATION TRANSFERS</subfield>
        <subfield code="0">(DHLAUTH)273030</subfield>
    </datafield>
    <datafield tag="650" ind1=" " ind2=" ">
        <subfield code="a">INDIGENOUS PEOPLES</subfield>
        <subfield code="0">(DHLAUTH)273219</subfield>
    </datafield>
    <datafield tag="FFT" ind1=" " ind2=" ">
        <subfield code="a">http://undhl-dgacm.s3.amazonaws.com/Drop%2FESCWA_special%2Ftemp_id_3151%2FE_ESCWA_POP_1992_4-AR.pdf</subfield>
        <subfield code="d">العربية</subfield>
        <subfield code="n">E_ESCWA_POP_1992_4-AR.pdf</subfield>
    </datafield>
</record>