
<record>
    <datafield tag="191" ind1=" " ind2=" ">
        <subfield code="a">E/ESCWA/POP/88/4</subfield>
    </datafield>
    <datafield tag="245" ind1=" " ind2=" ">
        <subfield code="a">تقرير عن زيارة لدولة الكويت, وزارة الشؤون الاجتماعية والعمل, قطاع العمل, خلال الفترة من 3-18 أيلول/سبتمبر 1988</subfield>
    </datafield>
    <datafield tag="269" ind1=" " ind2=" ">
        <subfield code="a">19881201</subfield>
    </datafield>
    <datafield tag="650" ind1=" " ind2=" ">
        <subfield code="a">WESTERN ASIA</subfield>
        <subfield code="0">(DHLAUTH)275490</subfield>
    </datafield>
    <datafield tag="650" ind1=" " ind2=" ">
        <subfield code="a">RECOMMENDATIONS</subfield>
        <subfield code="0">(DHLAUTH)275840</subfield>
    </datafield>
    <datafield tag="650" ind1=" " ind2=" ">
        <subfield code="a">WORK PROGRAMME</subfield>
        <subfield code="0">(DHLAUTH)275800</subfield>
    </datafield>
    <datafield tag="650" ind1=" " ind2=" ">
        <subfield code="a">ADVISORY SERVICES</subfield>
        <subfield code="0">(DHLAUTH)269860</subfield>
    </datafield>
    <datafield tag="650" ind1=" " ind2=" ">
        <subfield code="a">MANPOWER</subfield>
        <subfield code="0">(DHLAUTH)273105</subfield>
    </datafield>
    <datafield tag="650" ind1=" " ind2=" ">
        <subfield code="a">ACTIVITIES</subfield>
        <subfield code="0">(DHLAUTH)275823</subfield>
    </datafield>
    <datafield tag="650" ind1=" " ind2=" ">
        <subfield code="a">KUWAIT</subfield>
        <subfield code="0">(DHLAUTH)273384</subfield>
    </datafield>
    <datafield tag="FFT" ind1=" " ind2=" ">
        <subfield code="a">http://undhl-dgacm.s3.amazonaws.com/Drop%2FESCWA_special%2Ftemp_id_3220%2FE_ESCWA_POP_88_4-AR.pdf</subfield>
        <subfield code="d">العربية</subfield>
        <subfield code="n">E_ESCWA_POP_88_4-AR.pdf</subfield>
    </datafield>
</record>