
<record>
    <datafield tag="191" ind1=" " ind2=" ">
        <subfield code="a">E/ESCWA/SDD/2003/28</subfield>
    </datafield>
    <datafield tag="245" ind1=" " ind2=" ">
        <subfield code="a">ARAB WOMEN: TRENDS AND STATISTICS, 1990-2000</subfield>
    </datafield>
    <datafield tag="246" ind1=" " ind2=" ">
        <subfield code="a">LA FEMME ARABE: ORIENTATIONS ET STATISTIQUES 1990-2000</subfield>
    </datafield>
    <datafield tag="246" ind1=" " ind2=" ">
        <subfield code="a">المرأة العربية: إتجاهات وإحصاءات 1990-2000</subfield>
    </datafield>
    <datafield tag="269" ind1=" " ind2=" ">
        <subfield code="a">20041201</subfield>
    </datafield>
    <datafield tag="650" ind1=" " ind2=" ">
        <subfield code="a">WOMEN</subfield>
        <subfield code="0">(DHLAUTH)273032</subfield>
    </datafield>
    <datafield tag="650" ind1=" " ind2=" ">
        <subfield code="a">ARAB COUNTRIES</subfield>
        <subfield code="0">(DHLAUTH)268705</subfield>
    </datafield>
    <datafield tag="650" ind1=" " ind2=" ">
        <subfield code="a">POPULATION DYNAMICS</subfield>
        <subfield code="0">(DHLAUTH)273107</subfield>
    </datafield>
    <datafield tag="650" ind1=" " ind2=" ">
        <subfield code="a">SOCIO-ECONOMIC INDICATORS</subfield>
        <subfield code="0">(DHLAUTH)269759</subfield>
    </datafield>
    <datafield tag="650" ind1=" " ind2=" ">
        <subfield code="a">GENDER STATISTICS</subfield>
        <subfield code="0">(DHLAUTH)276683</subfield>
    </datafield>
    <datafield tag="650" ind1=" " ind2=" ">
        <subfield code="a">FERTILITY RATE</subfield>
        <subfield code="0">(DHLAUTH)272942</subfield>
    </datafield>
    <datafield tag="650" ind1=" " ind2=" ">
        <subfield code="a">MORTALITY STATISTICS</subfield>
        <subfield code="0">(DHLAUTH)273088</subfield>
    </datafield>
    <datafield tag="650" ind1=" " ind2=" ">
        <subfield code="a">EDUCATIONAL STATISTICS</subfield>
        <subfield code="0">(DHLAUTH)274050</subfield>
    </datafield>
    <datafield tag="650" ind1=" " ind2=" ">
        <subfield code="a">LITERACY</subfield>
        <subfield code="0">(DHLAUTH)274060</subfield>
    </datafield>
    <datafield tag="650" ind1=" " ind2=" ">
        <subfield code="a">WOMEN'S EMPLOYMENT</subfield>
        <subfield code="0">(DHLAUTH)273159</subfield>
    </datafield>
    <datafield tag="650" ind1=" " ind2=" ">
        <subfield code="a">WAGES</subfield>
        <subfield code="0">(DHLAUTH)269809</subfield>
    </datafield>
    <datafield tag="650" ind1=" " ind2=" ">
        <subfield code="a">WOMEN'S RIGHTS</subfield>
        <subfield code="0">(DHLAUTH)273161</subfield>
    </datafield>
    <datafield tag="650" ind1=" " ind2=" ">
        <subfield code="a">POLITICAL PARTICIPATION</subfield>
        <subfield code="0">(DHLAUTH)268475</subfield>
    </datafield>
    <datafield tag="650" ind1=" " ind2=" ">
        <subfield code="a">WESTERN ASIA</subfield>
        <subfield code="0">(DHLAUTH)275490</subfield>
    </datafield>
    <datafield tag="FFT" ind1=" " ind2=" ">
        <subfield code="a">http://undhl-dgacm.s3.amazonaws.com/Drop%2FESCWA_special%2Ftemp_id_3445%2FE_ESCWA_SDD_2003_28-AR.pdf</subfield>
        <subfield code="d">العربية</subfield>
        <subfield code="n">E_ESCWA_SDD_2003_28-AR.pdf</subfield>
    </datafield>
    <datafield tag="FFT" ind1=" " ind2=" ">
        <subfield code="a">http://undhl-dgacm.s3.amazonaws.com/Drop%2FESCWA_special%2Ftemp_id_3445%2FE_ESCWA_SDD_2003_28-EN.pdf</subfield>
        <subfield code="d">English</subfield>
        <subfield code="n">E_ESCWA_SDD_2003_28-EN.pdf</subfield>
    </datafield>
    <datafield tag="FFT" ind1=" " ind2=" ">
        <subfield code="a">http://undhl-dgacm.s3.amazonaws.com/Drop%2FESCWA_special%2Ftemp_id_3445%2FE_ESCWA_SDD_2003_28-FR.pdf</subfield>
        <subfield code="d">Français</subfield>
        <subfield code="n">E_ESCWA_SDD_2003_28-FR.pdf</subfield>
    </datafield>
</record>