
<record>
    <datafield tag="191" ind1=" " ind2=" ">
        <subfield code="a">E/ESCWA/SDD/2009/8</subfield>
    </datafield>
    <datafield tag="245" ind1=" " ind2=" ">
        <subfield code="a">وضع وافاق المدينة العربية: واقع التناقضات والاختلافات بين المدن العربية رؤية نقدية على خلفية بعض الانماط الحضرية</subfield>
    </datafield>
    <datafield tag="269" ind1=" " ind2=" ">
        <subfield code="a">20091215</subfield>
    </datafield>
    <datafield tag="650" ind1=" " ind2=" ">
        <subfield code="a">ARAB COUNTRIES</subfield>
        <subfield code="0">(DHLAUTH)268705</subfield>
    </datafield>
    <datafield tag="650" ind1=" " ind2=" ">
        <subfield code="a">CITIES</subfield>
        <subfield code="0">(DHLAUTH)273527</subfield>
    </datafield>
    <datafield tag="650" ind1=" " ind2=" ">
        <subfield code="a">URBAN DEVELOPMENT</subfield>
        <subfield code="0">(DHLAUTH)269970</subfield>
    </datafield>
    <datafield tag="650" ind1=" " ind2=" ">
        <subfield code="a">ESTABLISHMENT</subfield>
        <subfield code="0">(DHLAUTH)275765</subfield>
    </datafield>
    <datafield tag="650" ind1=" " ind2=" ">
        <subfield code="a">BEIRUT (LEBANON)</subfield>
        <subfield code="0">(DHLAUTH)276832</subfield>
    </datafield>
    <datafield tag="650" ind1=" " ind2=" ">
        <subfield code="a">CAIRO (EGYPT)</subfield>
        <subfield code="0">(DHLAUTH)276878</subfield>
    </datafield>
    <datafield tag="650" ind1=" " ind2=" ">
        <subfield code="a">DUBAI (UNITED ARAB EMIRATES)</subfield>
        <subfield code="0">(DHLAUTH)276985</subfield>
    </datafield>
    <datafield tag="FFT" ind1=" " ind2=" ">
        <subfield code="a">http://undhl-dgacm.s3.amazonaws.com/Drop%2FESCWA_special%2Ftemp_id_3729%2FE_ESCWA_SDD_2009_8-AR.pdf</subfield>
        <subfield code="d">العربية</subfield>
        <subfield code="n">E_ESCWA_SDD_2009_8-AR.pdf</subfield>
    </datafield>
</record>