
<record>
    <datafield tag="191" ind1=" " ind2=" ">
        <subfield code="a">E/ESCWA/SDD/2010/TECHNICAL PAPER.2</subfield>
    </datafield>
    <datafield tag="245" ind1=" " ind2=" ">
        <subfield code="a">SOCIAL DEVELOPMENT BULLETIN VOL. 3, ISSUE.1 2010: ACHIEVING SOCIAL JUSTICE FOR ALL </subfield>
    </datafield>
    <datafield tag="246" ind1=" " ind2=" ">
        <subfield code="a">نشرة التنمية الاجتماعية، المجلّد 3،العدد 1، 2010: تحقيق العدالة الاجتماعية للجميع</subfield>
    </datafield>
    <datafield tag="269" ind1=" " ind2=" ">
        <subfield code="a">20100601</subfield>
    </datafield>
    <datafield tag="650" ind1=" " ind2=" ">
        <subfield code="a">SOCIAL JUSTICE</subfield>
        <subfield code="0">(DHLAUTH)270080</subfield>
    </datafield>
    <datafield tag="650" ind1=" " ind2=" ">
        <subfield code="a">SOCIAL CONDITIONS</subfield>
        <subfield code="0">(DHLAUTH)268327</subfield>
    </datafield>
    <datafield tag="650" ind1=" " ind2=" ">
        <subfield code="a">WESTERN ASIA</subfield>
        <subfield code="0">(DHLAUTH)275490</subfield>
    </datafield>
    <datafield tag="650" ind1=" " ind2=" ">
        <subfield code="a">SERIAL PUBLICATIONS</subfield>
        <subfield code="0">(DHLAUTH)275065</subfield>
    </datafield>
    <datafield tag="FFT" ind1=" " ind2=" ">
        <subfield code="a">http://undhl-dgacm.s3.amazonaws.com/Drop%2FESCWA_special%2Ftemp_id_3754%2FE_ESCWA_SDD_2010_TECHNICAL%20PAPER.2-AR.pdf</subfield>
        <subfield code="d">العربية</subfield>
        <subfield code="n">E_ESCWA_SDD_2010_TECHNICALPAPER-2-AR.pdf</subfield>
    </datafield>
    <datafield tag="FFT" ind1=" " ind2=" ">
        <subfield code="a">http://undhl-dgacm.s3.amazonaws.com/Drop%2FESCWA_special%2Ftemp_id_3754%2FE_ESCWA_SDD_2010_TECHNICAL%20PAPER.2-EN.pdf</subfield>
        <subfield code="d">English</subfield>
        <subfield code="n">E_ESCWA_SDD_2010_TECHNICALPAPER-2-EN.pdf</subfield>
    </datafield>
</record>