
<record>
    <datafield tag="191" ind1=" " ind2=" ">
        <subfield code="a">E/ESCWA/SDD/2013/PAMPHLET.1</subfield>
    </datafield>
    <datafield tag="245" ind1=" " ind2=" ">
        <subfield code="a">NEW TRENDS IN MIGRATION IN ESCWA MEMBER COUNTRIES</subfield>
    </datafield>
    <datafield tag="269" ind1=" " ind2=" ">
        <subfield code="a">20130401</subfield>
    </datafield>
    <datafield tag="650" ind1=" " ind2=" ">
        <subfield code="a">MIGRATION</subfield>
        <subfield code="0">(DHLAUTH)273027</subfield>
    </datafield>
    <datafield tag="650" ind1=" " ind2=" ">
        <subfield code="a">REMITTANCES</subfield>
        <subfield code="0">(DHLAUTH)270415</subfield>
    </datafield>
    <datafield tag="650" ind1=" " ind2=" ">
        <subfield code="a">POPULATION SIZE</subfield>
        <subfield code="0">(DHLAUTH)272998</subfield>
    </datafield>
    <datafield tag="650" ind1=" " ind2=" ">
        <subfield code="a">STATISTICAL DATA</subfield>
        <subfield code="0">(DHLAUTH)270233</subfield>
    </datafield>
    <datafield tag="650" ind1=" " ind2=" ">
        <subfield code="a">WESTERN ASIA</subfield>
        <subfield code="0">(DHLAUTH)275490</subfield>
    </datafield>
    <datafield tag="FFT" ind1=" " ind2=" ">
        <subfield code="a">http://undhl-dgacm.s3.amazonaws.com/Drop%2FESCWA_special%2Ftemp_id_3806%2FE_ESCWA_SDD_2013_PAMPHLET.1-EN.pdf</subfield>
        <subfield code="d">English</subfield>
        <subfield code="n">E_ESCWA_SDD_2013_PAMPHLET-1-EN.pdf</subfield>
    </datafield>
</record>