
<record>
    <datafield tag="191" ind1=" " ind2=" ">
        <subfield code="a">E/ESCWA/SDD/2014/BRIEF. 7</subfield>
    </datafield>
    <datafield tag="245" ind1=" " ind2=" ">
        <subfield code="a">SOCIAL POLICY BRIEF-7 : REAPING THE REWARDS OF DEMOGRAPHIC TRANSITIONS : INVESTING IN ARAB YOUTH = موجز السياسات الاجتماعية - 7 : عوائد التحولات الديمغرافية في البلدان العربية : الاستثمار في الشباب </subfield>
    </datafield>
    <datafield tag="246" ind1=" " ind2=" ">
        <subfield code="a">موجز السياسات الاجتماعية - 7 : عوائد التحولات الديمغرافية في البلدان العربية : الاستثمار في الشباب  = SOCIAL POLICY BRIEF-7 : REAPING THE REWARDS OF DEMOGRAPHIC TRANSITIONS : INVESTING IN ARAB YOUTH</subfield>
    </datafield>
    <datafield tag="269" ind1=" " ind2=" ">
        <subfield code="a">20140701</subfield>
    </datafield>
    <datafield tag="650" ind1=" " ind2=" ">
        <subfield code="a">YOUTH</subfield>
        <subfield code="0">(DHLAUTH)269401</subfield>
    </datafield>
    <datafield tag="650" ind1=" " ind2=" ">
        <subfield code="a">DEMOGRAPHIC ANALYSIS</subfield>
        <subfield code="0">(DHLAUTH)272979</subfield>
    </datafield>
    <datafield tag="650" ind1=" " ind2=" ">
        <subfield code="a">POPULATION ASPECTS</subfield>
        <subfield code="0">(DHLAUTH)273106</subfield>
    </datafield>
    <datafield tag="650" ind1=" " ind2=" ">
        <subfield code="a">DEVELOPMENT ASPECTS</subfield>
        <subfield code="0">(DHLAUTH)269874</subfield>
    </datafield>
    <datafield tag="650" ind1=" " ind2=" ">
        <subfield code="a">ARAB COUNTRIES</subfield>
        <subfield code="0">(DHLAUTH)268705</subfield>
    </datafield>
    <datafield tag="FFT" ind1=" " ind2=" ">
        <subfield code="a">http://undhl-dgacm.s3.amazonaws.com/Drop%2FESCWA_special%2Ftemp_id_3814%2FE_ESCWA_SDD_2014_BRIEF.%207-EN.pdf</subfield>
        <subfield code="d">English</subfield>
        <subfield code="n">E_ESCWA_SDD_2014_BRIEF-7-EN.pdf</subfield>
    </datafield>
</record>