
<record>
    <datafield tag="191" ind1=" " ind2=" ">
        <subfield code="a">E/ESCWA/SDHS/CONF.4/6/REV.1</subfield>
    </datafield>
    <datafield tag="245" ind1=" " ind2=" ">
        <subfield code="a">SOCIAL AND ECONOMIC CONDITIONS OF PALESTINIAN WOMAN INSIDE AND OUTSIDE THE OCCUPIED TERRITORIES : REGIONAL PREPARATORY MEETING FOR THE WORLD CONFERENCE FOR THE UNITED NATIONS DECADE FOR WOMEN, 1980, 10 - 13 DECEMBER 1979. DAMASCUS, SYRIAN ARAB REPUBLIC</subfield>
    </datafield>
    <datafield tag="269" ind1=" " ind2=" ">
        <subfield code="a">19800220</subfield>
    </datafield>
    <datafield tag="650" ind1=" " ind2=" ">
        <subfield code="a">WOMEN</subfield>
        <subfield code="0">(DHLAUTH)273032</subfield>
    </datafield>
    <datafield tag="650" ind1=" " ind2=" ">
        <subfield code="a">ECONOMIC CONDITIONS</subfield>
        <subfield code="0">(DHLAUTH)269719</subfield>
    </datafield>
    <datafield tag="650" ind1=" " ind2=" ">
        <subfield code="a">SOCIAL CONDITIONS</subfield>
        <subfield code="0">(DHLAUTH)268327</subfield>
    </datafield>
    <datafield tag="650" ind1=" " ind2=" ">
        <subfield code="a">TERRITORIES OCCUPIED BY ISRAEL</subfield>
        <subfield code="0">(DHLAUTH)268687</subfield>
    </datafield>
    <datafield tag="650" ind1=" " ind2=" ">
        <subfield code="a">CONFERENCES</subfield>
        <subfield code="0">(DHLAUTH)275758</subfield>
    </datafield>
    <datafield tag="FFT" ind1=" " ind2=" ">
        <subfield code="a">http://undhl-dgacm.s3.amazonaws.com/Drop%2FESCWA_special%2Ftemp_id_3829%2FE_ESCWA_SDHS_CONF.4_6_REV.1-EN.pdf</subfield>
        <subfield code="d">English</subfield>
        <subfield code="n">E_ESCWA_SDHS_CONF-4_6_REV-1-EN.pdf</subfield>
    </datafield>
</record>