
<record>
    <datafield tag="191" ind1=" " ind2=" ">
        <subfield code="a">E/ESCWA/SDPD/2005/BOOKLET.4</subfield>
    </datafield>
    <datafield tag="245" ind1=" " ind2=" ">
        <subfield code="a">ملامح قطرية واقليمية لمؤشرات التنمية المستدامة لقطاعات مختارة في منطقة الاسكوا: قطاع الزراعة والتنمية الريفية</subfield>
    </datafield>
    <datafield tag="269" ind1=" " ind2=" ">
        <subfield code="a">20051221</subfield>
    </datafield>
    <datafield tag="650" ind1=" " ind2=" ">
        <subfield code="a">SUSTAINABLE DEVELOPMENT</subfield>
        <subfield code="0">(DHLAUTH)269920</subfield>
    </datafield>
    <datafield tag="650" ind1=" " ind2=" ">
        <subfield code="a">WESTERN ASIA</subfield>
        <subfield code="0">(DHLAUTH)275490</subfield>
    </datafield>
    <datafield tag="650" ind1=" " ind2=" ">
        <subfield code="a">SOCIO-ECONOMIC INDICATORS</subfield>
        <subfield code="0">(DHLAUTH)269759</subfield>
    </datafield>
    <datafield tag="650" ind1=" " ind2=" ">
        <subfield code="a">RURAL DEVELOPMENT</subfield>
        <subfield code="0">(DHLAUTH)269872</subfield>
    </datafield>
    <datafield tag="650" ind1=" " ind2=" ">
        <subfield code="a">AGRICULTURE</subfield>
        <subfield code="0">(DHLAUTH)271335</subfield>
    </datafield>
    <datafield tag="FFT" ind1=" " ind2=" ">
        <subfield code="a">http://undhl-dgacm.s3.amazonaws.com/Drop%2FESCWA_special%2Ftemp_id_4129%2FE_ESCWA_SDPD_2005_BOOKLET.4-AR.pdf</subfield>
        <subfield code="d">العربية</subfield>
        <subfield code="n">E_ESCWA_SDPD_2005_BOOKLET-4-AR.pdf</subfield>
    </datafield>
</record>