
<record>
    <datafield tag="191" ind1=" " ind2=" ">
        <subfield code="a">E/ESCWA/SDPD/2009/2</subfield>
    </datafield>
    <datafield tag="245" ind1=" " ind2=" ">
        <subfield code="a">تقرير اجتماع خبراء حول افضل السبل والاجراءات لتشجيع تطبيقات الطاقات المتجددة في منطقة الاسكوا بيروت 3-4 شباط/فبراير 2009</subfield>
    </datafield>
    <datafield tag="269" ind1=" " ind2=" ">
        <subfield code="a">20090416</subfield>
    </datafield>
    <datafield tag="650" ind1=" " ind2=" ">
        <subfield code="a">WESTERN ASIA</subfield>
        <subfield code="0">(DHLAUTH)275490</subfield>
    </datafield>
    <datafield tag="650" ind1=" " ind2=" ">
        <subfield code="a">RENEWABLE ENERGY SOURCES</subfield>
        <subfield code="0">(DHLAUTH)270594</subfield>
    </datafield>
    <datafield tag="650" ind1=" " ind2=" ">
        <subfield code="a">WORK ORGANIZATION</subfield>
        <subfield code="0">(DHLAUTH)275746</subfield>
    </datafield>
    <datafield tag="FFT" ind1=" " ind2=" ">
        <subfield code="a">http://undhl-dgacm.s3.amazonaws.com/Drop%2FESCWA_special%2Ftemp_id_4334%2FE_ESCWA_SDPD_2009_2-AR.pdf</subfield>
        <subfield code="d">العربية</subfield>
        <subfield code="n">E_ESCWA_SDPD_2009_2-AR.pdf</subfield>
    </datafield>
</record>