
<record>
    <datafield tag="191" ind1=" " ind2=" ">
        <subfield code="a">E/ESCWA/SDPD/2010/TECHNICAL PAPER.4</subfield>
    </datafield>
    <datafield tag="245" ind1=" " ind2=" ">
        <subfield code="a">تحسين كفاءة الطاقة في قطاع الكهرباء في منطقة الاسكوا</subfield>
    </datafield>
    <datafield tag="269" ind1=" " ind2=" ">
        <subfield code="a">20101108</subfield>
    </datafield>
    <datafield tag="650" ind1=" " ind2=" ">
        <subfield code="a">ELECTRIC POWER</subfield>
        <subfield code="0">(DHLAUTH)271189</subfield>
    </datafield>
    <datafield tag="650" ind1=" " ind2=" ">
        <subfield code="a">ENERGY CONSUMPTION</subfield>
        <subfield code="0">(DHLAUTH)269578</subfield>
    </datafield>
    <datafield tag="650" ind1=" " ind2=" ">
        <subfield code="a">POWER INDUSTRY</subfield>
        <subfield code="0">(DHLAUTH)271196</subfield>
    </datafield>
    <datafield tag="650" ind1=" " ind2=" ">
        <subfield code="a">WESTERN ASIA</subfield>
        <subfield code="0">(DHLAUTH)275490</subfield>
    </datafield>
    <datafield tag="FFT" ind1=" " ind2=" ">
        <subfield code="a">http://undhl-dgacm.s3.amazonaws.com/Drop%2FESCWA_special%2Ftemp_id_4361%2FE_ESCWA_SDPD_2010_TECHNICAL%20PAPER.4-AR.pdf</subfield>
        <subfield code="d">العربية</subfield>
        <subfield code="n">E_ESCWA_SDPD_2010_TECHNICALPAPER-4-AR.pdf</subfield>
    </datafield>
</record>