
<record>
    <datafield tag="191" ind1=" " ind2=" ">
        <subfield code="a">E/ESCWA/SDPD/2012/GLOSSARY</subfield>
    </datafield>
    <datafield tag="245" ind1=" " ind2=" ">
        <subfield code="a">GLOSSARY OF SHARED WATER RESOURCES : TECHNICAL SOCIOECONOMIC AND LEGAL TERMINOLOGY : ENGLISH-ARABIC</subfield>
    </datafield>
    <datafield tag="246" ind1=" " ind2=" ">
        <subfield code="a">معجم الموارد المائية المشتركة : مصطلحات تقنية اجتماعية واقتصادية وقانونية : انجليزي - عربي</subfield>
    </datafield>
    <datafield tag="269" ind1=" " ind2=" ">
        <subfield code="a">20160703</subfield>
    </datafield>
    <datafield tag="650" ind1=" " ind2=" ">
        <subfield code="a">SHARED WATER RESOURCES</subfield>
        <subfield code="0">(DHLAUTH)269493</subfield>
    </datafield>
    <datafield tag="650" ind1=" " ind2=" ">
        <subfield code="a">SOCIAL ASPECTS</subfield>
        <subfield code="0">(DHLAUTH)274710</subfield>
    </datafield>
    <datafield tag="650" ind1=" " ind2=" ">
        <subfield code="a">ECONOMIC ASPECTS</subfield>
        <subfield code="0">(DHLAUTH)269753</subfield>
    </datafield>
    <datafield tag="650" ind1=" " ind2=" ">
        <subfield code="a">TECHNICAL ASPECTS</subfield>
        <subfield code="0">(DHLAUTH)275235</subfield>
    </datafield>
    <datafield tag="650" ind1=" " ind2=" ">
        <subfield code="a">LEGAL ASPECTS</subfield>
        <subfield code="0">(DHLAUTH)269366</subfield>
    </datafield>
    <datafield tag="650" ind1=" " ind2=" ">
        <subfield code="a">TERMINOLOGY</subfield>
        <subfield code="0">(DHLAUTH)274862</subfield>
    </datafield>
    <datafield tag="650" ind1=" " ind2=" ">
        <subfield code="a">GLOSSARIES</subfield>
        <subfield code="0">(DHLAUTH)274917</subfield>
    </datafield>
    <datafield tag="FFT" ind1=" " ind2=" ">
        <subfield code="a">http://undhl-dgacm.s3.amazonaws.com/Drop%2FESCWA_special%2Ftemp_id_4406%2FE_ESCWA_SDPD_2012_GLOSSARY-EN.pdf</subfield>
        <subfield code="d">English</subfield>
        <subfield code="n">E_ESCWA_SDPD_2012_GLOSSARY-EN.pdf</subfield>
    </datafield>
</record>