
<record>
    <datafield tag="191" ind1=" " ind2=" ">
        <subfield code="a">E/ESCWA/SDPD/2013/TECHNICAL PAPER.10</subfield>
    </datafield>
    <datafield tag="245" ind1=" " ind2=" ">
        <subfield code="a">GUIDE ON CLIMATE CHANGE NEGOTIATIONS FOR REPRESENTATIVES AND NEGOTIATORS FROM ARAB COUNTRIES</subfield>
    </datafield>
    <datafield tag="269" ind1=" " ind2=" ">
        <subfield code="a">20131213</subfield>
    </datafield>
    <datafield tag="650" ind1=" " ind2=" ">
        <subfield code="a">CLIMATE CHANGE</subfield>
        <subfield code="0">(DHLAUTH)275343</subfield>
    </datafield>
    <datafield tag="650" ind1=" " ind2=" ">
        <subfield code="a">NEGOTIATION</subfield>
        <subfield code="0">(DHLAUTH)268593</subfield>
    </datafield>
    <datafield tag="650" ind1=" " ind2=" ">
        <subfield code="a">MANUALS</subfield>
        <subfield code="0">(DHLAUTH)274980</subfield>
    </datafield>
    <datafield tag="650" ind1=" " ind2=" ">
        <subfield code="a">ARAB COUNTRIES</subfield>
        <subfield code="0">(DHLAUTH)268705</subfield>
    </datafield>
    <datafield tag="FFT" ind1=" " ind2=" ">
        <subfield code="a">http://undhl-dgacm.s3.amazonaws.com/Drop%2FESCWA_special%2Ftemp_id_4420%2FE_ESCWA_SDPD_2013_TECHNICAL%20PAPER.10-EN.pdf</subfield>
        <subfield code="d">English</subfield>
        <subfield code="n">E_ESCWA_SDPD_2013_TECHNICALPAPER-10-EN.pdf</subfield>
    </datafield>
</record>