
<record>
    <datafield tag="191" ind1=" " ind2=" ">
        <subfield code="a">E/ESCWA/SDPD/2015/IG.2/4(PART II)</subfield>
    </datafield>
    <datafield tag="245" ind1=" " ind2=" ">
        <subfield code="a">INTEGRATED WATER RESOURCES MANAGEMENT IN THE ARAB REGION : REGIONAL COOPERATION FOR SHARED WATER RESOURCES MANAGEMENT : ECONOMIC AND SOCIAL COMMISSION FOR WESTERN ASIA (ESCWA), COMMITTEE ON WATER RESOURCES, ELEVENTH SESSION, AMMAN, 26 - 27 MARCH 2015</subfield>
    </datafield>
    <datafield tag="246" ind1=" " ind2=" ">
        <subfield code="a">الادارة المتكاملة للموارد المائية في المنطقة العربية : التعاون الاقليمي لادارة الموارد المائية المشتركة : اللجنة الاقتصادية والاجتماعية لغربي آسيا، لجنة الموارد المائية، الدورة الحادية عشرة، عمان، 6 - 27 آذار/مارس 2015</subfield>
    </datafield>
    <datafield tag="269" ind1=" " ind2=" ">
        <subfield code="a">20150202</subfield>
    </datafield>
    <datafield tag="650" ind1=" " ind2=" ">
        <subfield code="a">SHARED WATER RESOURCES</subfield>
        <subfield code="0">(DHLAUTH)269493</subfield>
    </datafield>
    <datafield tag="650" ind1=" " ind2=" ">
        <subfield code="a">WATER RESOURCES DEVELOPMENT</subfield>
        <subfield code="0">(DHLAUTH)269975</subfield>
    </datafield>
    <datafield tag="650" ind1=" " ind2=" ">
        <subfield code="a">REGIONAL COOPERATION</subfield>
        <subfield code="0">(DHLAUTH)268656</subfield>
    </datafield>
    <datafield tag="650" ind1=" " ind2=" ">
        <subfield code="a">ARAB COUNTRIES</subfield>
        <subfield code="0">(DHLAUTH)268705</subfield>
    </datafield>
    <datafield tag="650" ind1=" " ind2=" ">
        <subfield code="a">CONFERENCES</subfield>
        <subfield code="0">(DHLAUTH)275758</subfield>
    </datafield>
    <datafield tag="FFT" ind1=" " ind2=" ">
        <subfield code="a">http://undhl-dgacm.s3.amazonaws.com/Drop%2FESCWA_special%2Ftemp_id_4446%2FE_ESCWA_SDPD_2015_IG.2_4%28PART%20II%29-AR.pdf</subfield>
        <subfield code="d">العربية</subfield>
        <subfield code="n">E_ESCWA_SDPD_2015_IG-2_4(PARTII)-AR.pdf</subfield>
    </datafield>
    <datafield tag="FFT" ind1=" " ind2=" ">
        <subfield code="a">http://undhl-dgacm.s3.amazonaws.com/Drop%2FESCWA_special%2Ftemp_id_4446%2FE_ESCWA_SDPD_2015_IG.2_4%28PART%20II%29-EN.pdf</subfield>
        <subfield code="d">English</subfield>
        <subfield code="n">E_ESCWA_SDPD_2015_IG-2_4(PARTII)-EN.pdf</subfield>
    </datafield>
</record>