
<record>
    <datafield tag="191" ind1=" " ind2=" ">
        <subfield code="a">E/ESCWA/SDPD/2016/BOOKLET.5</subfield>
    </datafield>
    <datafield tag="245" ind1=" " ind2=" ">
        <subfield code="a">REGIONAL INITIATIVE FOR ESTABLISHING A REGIONAL MECHANISM FOR IMPROVED MONITORING AND REPORTING ON ACCESS TO WATER SUPPLY AND SANITATION SERVICES IN THE ARAB REGION (MDG+ INITIATIVE) :  MOVING TOWARDS THE SDGS IN THE ARAB REGION: KEY FINDINGS FROM THE 2016 MDG+ INITIATIVE REPORT</subfield>
    </datafield>
    <datafield tag="246" ind1=" " ind2=" ">
        <subfield code="a">المبادرة الاقليمية حول تطوير آلية اقليمية لتحسين الرصد والابلاغ بشأن الحصول على امدادات المياه وخدمات الصرف الصحي في المنطقة العربية (مبادرة MDG+) : نحو تحقيق اهداف التنمية المستدامة في المنطقة العربية : النتائج الاساسية المستقاة من تقرير مبادرة MDG+ لعام 2016</subfield>
    </datafield>
    <datafield tag="269" ind1=" " ind2=" ">
        <subfield code="a">20160131</subfield>
    </datafield>
    <datafield tag="650" ind1=" " ind2=" ">
        <subfield code="a">SUSTAINABLE DEVELOPMENT</subfield>
        <subfield code="0">(DHLAUTH)269920</subfield>
    </datafield>
    <datafield tag="650" ind1=" " ind2=" ">
        <subfield code="a">WATER SUPPLY</subfield>
        <subfield code="0">(DHLAUTH)270886</subfield>
    </datafield>
    <datafield tag="650" ind1=" " ind2=" ">
        <subfield code="a">SANITATION</subfield>
        <subfield code="0">(DHLAUTH)270653</subfield>
    </datafield>
    <datafield tag="650" ind1=" " ind2=" ">
        <subfield code="a">SANITATION SERVICES</subfield>
        <subfield code="0">(DHLAUTH)272258</subfield>
    </datafield>
    <datafield tag="650" ind1=" " ind2=" ">
        <subfield code="a">DEVELOPMENT</subfield>
        <subfield code="0">(DHLAUTH)269844</subfield>
    </datafield>
    <datafield tag="650" ind1=" " ind2=" ">
        <subfield code="a">ARAB COUNTRIES</subfield>
        <subfield code="0">(DHLAUTH)268705</subfield>
    </datafield>
    <datafield tag="FFT" ind1=" " ind2=" ">
        <subfield code="a">http://undhl-dgacm.s3.amazonaws.com/Drop%2FESCWA_special%2Ftemp_id_4457%2FE_ESCWA_SDPD_2016_BOOKLET.5-AR.pdf</subfield>
        <subfield code="d">العربية</subfield>
        <subfield code="n">E_ESCWA_SDPD_2016_BOOKLET-5-AR.pdf</subfield>
    </datafield>
    <datafield tag="FFT" ind1=" " ind2=" ">
        <subfield code="a">http://undhl-dgacm.s3.amazonaws.com/Drop%2FESCWA_special%2Ftemp_id_4457%2FE_ESCWA_SDPD_2016_BOOKLET.5-EN.pdf</subfield>
        <subfield code="d">English</subfield>
        <subfield code="n">E_ESCWA_SDPD_2016_BOOKLET-5-EN.pdf</subfield>
    </datafield>
</record>