
<record>
    <datafield tag="191" ind1=" " ind2=" ">
        <subfield code="a">E/ESCWA/SD/1992/5</subfield>
    </datafield>
    <datafield tag="245" ind1=" " ind2=" ">
        <subfield code="a">THE INTRODUCTION, ADAPTATION AND TRANSFER OF NEW, APPROPRIATE TECHNOLOGIES FOR DISABLED PERSONS IN THE ESCWA REGION.</subfield>
    </datafield>
    <datafield tag="269" ind1=" " ind2=" ">
        <subfield code="a">19920619</subfield>
    </datafield>
    <datafield tag="650" ind1=" " ind2=" ">
        <subfield code="a">NEW TECHNOLOGIES</subfield>
        <subfield code="0">(DHLAUTH)271842</subfield>
    </datafield>
    <datafield tag="650" ind1=" " ind2=" ">
        <subfield code="a">COMPUTER APPLICATIONS</subfield>
        <subfield code="0">(DHLAUTH)271864</subfield>
    </datafield>
    <datafield tag="650" ind1=" " ind2=" ">
        <subfield code="a">REHABILITATION</subfield>
        <subfield code="0">(DHLAUTH)273690</subfield>
    </datafield>
    <datafield tag="650" ind1=" " ind2=" ">
        <subfield code="a">APPROPRIATE TECHNOLOGY</subfield>
        <subfield code="0">(DHLAUTH)275199</subfield>
    </datafield>
    <datafield tag="650" ind1=" " ind2=" ">
        <subfield code="a">TECHNOLOGY TRANSFER</subfield>
        <subfield code="0">(DHLAUTH)271882</subfield>
    </datafield>
    <datafield tag="650" ind1=" " ind2=" ">
        <subfield code="a">PERSONS WITH DISABILITIES</subfield>
        <subfield code="0">(DHLAUTH)273918</subfield>
    </datafield>
    <datafield tag="650" ind1=" " ind2=" ">
        <subfield code="a">WESTERN ASIA</subfield>
        <subfield code="0">(DHLAUTH)275490</subfield>
    </datafield>
    <datafield tag="FFT" ind1=" " ind2=" ">
        <subfield code="a">http://undhl-dgacm.s3.amazonaws.com/Drop%2FESCWA_special%2Ftemp_id_4533%2FE_ESCWA_SD_1992_5-EN.pdf</subfield>
        <subfield code="d">English</subfield>
        <subfield code="n">E_ESCWA_SD_1992_5-EN.pdf</subfield>
    </datafield>
</record>