
<record>
    <datafield tag="191" ind1=" " ind2=" ">
        <subfield code="a">E/ESCWA/SD/1996/6</subfield>
    </datafield>
    <datafield tag="245" ind1=" " ind2=" ">
        <subfield code="a">تمويل التنمية البشرية المستدامة</subfield>
    </datafield>
    <datafield tag="269" ind1=" " ind2=" ">
        <subfield code="a">19951101</subfield>
    </datafield>
    <datafield tag="650" ind1=" " ind2=" ">
        <subfield code="a">HUMAN DEVELOPMENT</subfield>
        <subfield code="0">(DHLAUTH)276688</subfield>
    </datafield>
    <datafield tag="650" ind1=" " ind2=" ">
        <subfield code="a">SUSTAINABLE DEVELOPMENT</subfield>
        <subfield code="0">(DHLAUTH)269920</subfield>
    </datafield>
    <datafield tag="650" ind1=" " ind2=" ">
        <subfield code="a">DIRECTORIES</subfield>
        <subfield code="0">(DHLAUTH)275130</subfield>
    </datafield>
    <datafield tag="650" ind1=" " ind2=" ">
        <subfield code="a">SOCIAL CHANGE</subfield>
        <subfield code="0">(DHLAUTH)268519</subfield>
    </datafield>
    <datafield tag="650" ind1=" " ind2=" ">
        <subfield code="a">HUMAN RESOURCES</subfield>
        <subfield code="0">(DHLAUTH)270571</subfield>
    </datafield>
    <datafield tag="650" ind1=" " ind2=" ">
        <subfield code="a">PARTNERSHIP</subfield>
        <subfield code="0">(DHLAUTH)269206</subfield>
    </datafield>
    <datafield tag="650" ind1=" " ind2=" ">
        <subfield code="a">WESTERN ASIA</subfield>
        <subfield code="0">(DHLAUTH)275490</subfield>
    </datafield>
    <datafield tag="FFT" ind1=" " ind2=" ">
        <subfield code="a">http://undhl-dgacm.s3.amazonaws.com/Drop%2FESCWA_special%2Ftemp_id_4597%2FE_ESCWA_SD_1996_6-AR.pdf</subfield>
        <subfield code="d">العربية</subfield>
        <subfield code="n">E_ESCWA_SD_1996_6-AR.pdf</subfield>
    </datafield>
</record>