
<record>
    <datafield tag="191" ind1=" " ind2=" ">
        <subfield code="a">E/ESCWA/SD/2002/WG.1/9</subfield>
    </datafield>
    <datafield tag="245" ind1=" " ind2=" ">
        <subfield code="a">TAQRIR AL-IJTIMA' AL-'ARABI AL-TAHDIRI LI-MU`TAMAR AL-UMAM AL-MUTAHIDAH LIL-MUSININ, AL-JAM'IYAH AL-'ALAMIYAH AL-THANIYAH LIL-SHAIKHOUKHAH, BAIRUT, 5-8 SHUBAT/FEBRAIR, 2002</subfield>
    </datafield>
    <datafield tag="269" ind1=" " ind2=" ">
        <subfield code="a">20020208</subfield>
    </datafield>
    <datafield tag="650" ind1=" " ind2=" ">
        <subfield code="a">AGEING PERSONS</subfield>
        <subfield code="0">(DHLAUTH)273772</subfield>
    </datafield>
    <datafield tag="650" ind1=" " ind2=" ">
        <subfield code="a">DEMOGRAPHIC AGEING</subfield>
        <subfield code="0">(DHLAUTH)272936</subfield>
    </datafield>
    <datafield tag="650" ind1=" " ind2=" ">
        <subfield code="a">CARE OF AGEING PERSONS</subfield>
        <subfield code="0">(DHLAUTH)441039</subfield>
    </datafield>
    <datafield tag="650" ind1=" " ind2=" ">
        <subfield code="a">ARAB COUNTRIES</subfield>
        <subfield code="0">(DHLAUTH)268705</subfield>
    </datafield>
    <datafield tag="650" ind1=" " ind2=" ">
        <subfield code="a">CONFERENCES</subfield>
        <subfield code="0">(DHLAUTH)275758</subfield>
    </datafield>
    <datafield tag="650" ind1=" " ind2=" ">
        <subfield code="a">DOCUMENTS</subfield>
        <subfield code="0">(DHLAUTH)270014</subfield>
    </datafield>
</record>