
<record>
    <datafield tag="191" ind1=" " ind2=" ">
        <subfield code="a">E/ESCWA/SD/2002/WG.1/INF.1</subfield>
    </datafield>
    <datafield tag="245" ind1=" " ind2=" ">
        <subfield code="a">MUTHAKARAH TAWDIHIYAH : AL-LAJNAH AL-IQTISADIYAH WA-AL-IJTIMA'IYAH LI-GHARBI ASIYAH, AL-IJTIMA' AL-'ARABI AL-TAHDIRI LI-MU`TAMAR AL-UMAM AL-MUTAHIDAH LIL-MUSININ, AL-JAM'IYAH AL-'ALAMIYAH AL-THANIYAH LIL-SHAIKHOUKHAH, BAIRUT, 5-8 SHUBAT/FEBRAIR, 2002</subfield>
    </datafield>
    <datafield tag="269" ind1=" " ind2=" ">
        <subfield code="a">20020129</subfield>
    </datafield>
    <datafield tag="650" ind1=" " ind2=" ">
        <subfield code="a">DEMOGRAPHIC AGEING</subfield>
        <subfield code="0">(DHLAUTH)272936</subfield>
    </datafield>
    <datafield tag="650" ind1=" " ind2=" ">
        <subfield code="a">POPULATION GROWTH</subfield>
        <subfield code="0">(DHLAUTH)272944</subfield>
    </datafield>
    <datafield tag="650" ind1=" " ind2=" ">
        <subfield code="a">ARAB COUNTRIES</subfield>
        <subfield code="0">(DHLAUTH)268705</subfield>
    </datafield>
    <datafield tag="650" ind1=" " ind2=" ">
        <subfield code="a">AGEING PERSONS</subfield>
        <subfield code="0">(DHLAUTH)273772</subfield>
    </datafield>
</record>