
<record>
    <datafield tag="191" ind1=" " ind2=" ">
        <subfield code="a">E/ESCWA/SD/2012/TECHNICAL PAPER.1</subfield>
    </datafield>
    <datafield tag="245" ind1=" " ind2=" ">
        <subfield code="a">ESCWA COUNTRY PROFILES 2011 : A STATISTICAL PORTRAIT OF THE WESTERN ASIA</subfield>
    </datafield>
    <datafield tag="246" ind1=" " ind2=" ">
        <subfield code="a">الاسكوا الملامح القطرية 2011 نبذة احصائية عن منطقة غربي آسيا</subfield>
    </datafield>
    <datafield tag="269" ind1=" " ind2=" ">
        <subfield code="a">20120501</subfield>
    </datafield>
    <datafield tag="650" ind1=" " ind2=" ">
        <subfield code="a">ECONOMIC INDICATORS</subfield>
        <subfield code="0">(DHLAUTH)269642</subfield>
    </datafield>
    <datafield tag="650" ind1=" " ind2=" ">
        <subfield code="a">DEMOGRAPHIC STATISTICS</subfield>
        <subfield code="0">(DHLAUTH)270229</subfield>
    </datafield>
    <datafield tag="650" ind1=" " ind2=" ">
        <subfield code="a">SOCIAL INDICATORS</subfield>
        <subfield code="0">(DHLAUTH)269644</subfield>
    </datafield>
    <datafield tag="650" ind1=" " ind2=" ">
        <subfield code="a">ENVIRONMENTAL INDICATORS</subfield>
        <subfield code="0">(DHLAUTH)270683</subfield>
    </datafield>
    <datafield tag="650" ind1=" " ind2=" ">
        <subfield code="a">GROSS DOMESTIC PRODUCT</subfield>
        <subfield code="0">(DHLAUTH)269801</subfield>
    </datafield>
    <datafield tag="650" ind1=" " ind2=" ">
        <subfield code="a">EXPORTS</subfield>
        <subfield code="0">(DHLAUTH)271798</subfield>
    </datafield>
    <datafield tag="650" ind1=" " ind2=" ">
        <subfield code="a">IMPORTS</subfield>
        <subfield code="0">(DHLAUTH)272827</subfield>
    </datafield>
    <datafield tag="650" ind1=" " ind2=" ">
        <subfield code="a">FERTILITY RATE</subfield>
        <subfield code="0">(DHLAUTH)272942</subfield>
    </datafield>
    <datafield tag="650" ind1=" " ind2=" ">
        <subfield code="a">CHILDREN</subfield>
        <subfield code="0">(DHLAUTH)269400</subfield>
    </datafield>
    <datafield tag="650" ind1=" " ind2=" ">
        <subfield code="a">AGE GROUPS</subfield>
        <subfield code="0">(DHLAUTH)269147</subfield>
    </datafield>
    <datafield tag="650" ind1=" " ind2=" ">
        <subfield code="a">AGEING</subfield>
        <subfield code="0">(DHLAUTH)273056</subfield>
    </datafield>
    <datafield tag="650" ind1=" " ind2=" ">
        <subfield code="a">JORDAN</subfield>
        <subfield code="0">(DHLAUTH)269099</subfield>
    </datafield>
    <datafield tag="650" ind1=" " ind2=" ">
        <subfield code="a">UNITED ARAB EMIRATES</subfield>
        <subfield code="0">(DHLAUTH)275604</subfield>
    </datafield>
    <datafield tag="650" ind1=" " ind2=" ">
        <subfield code="a">BAHRAIN</subfield>
        <subfield code="0">(DHLAUTH)273274</subfield>
    </datafield>
    <datafield tag="650" ind1=" " ind2=" ">
        <subfield code="a">SYRIAN ARAB REPUBLIC</subfield>
        <subfield code="0">(DHLAUTH)273496</subfield>
    </datafield>
    <datafield tag="650" ind1=" " ind2=" ">
        <subfield code="a">SUDAN</subfield>
        <subfield code="0">(DHLAUTH)273486</subfield>
    </datafield>
    <datafield tag="650" ind1=" " ind2=" ">
        <subfield code="a">IRAQ</subfield>
        <subfield code="0">(DHLAUTH)273370</subfield>
    </datafield>
    <datafield tag="650" ind1=" " ind2=" ">
        <subfield code="a">OMAN</subfield>
        <subfield code="0">(DHLAUTH)273438</subfield>
    </datafield>
    <datafield tag="650" ind1=" " ind2=" ">
        <subfield code="a">PALESTINE</subfield>
        <subfield code="0">(DHLAUTH)277398</subfield>
    </datafield>
    <datafield tag="650" ind1=" " ind2=" ">
        <subfield code="a">QATAR</subfield>
        <subfield code="0">(DHLAUTH)275603</subfield>
    </datafield>
    <datafield tag="650" ind1=" " ind2=" ">
        <subfield code="a">KUWAIT</subfield>
        <subfield code="0">(DHLAUTH)273384</subfield>
    </datafield>
    <datafield tag="650" ind1=" " ind2=" ">
        <subfield code="a">LEBANON</subfield>
        <subfield code="0">(DHLAUTH)269069</subfield>
    </datafield>
    <datafield tag="650" ind1=" " ind2=" ">
        <subfield code="a">EGYPT</subfield>
        <subfield code="0">(DHLAUTH)273328</subfield>
    </datafield>
    <datafield tag="650" ind1=" " ind2=" ">
        <subfield code="a">SAUDI ARABIA</subfield>
        <subfield code="0">(DHLAUTH)273464</subfield>
    </datafield>
    <datafield tag="650" ind1=" " ind2=" ">
        <subfield code="a">YEMEN</subfield>
        <subfield code="0">(DHLAUTH)273521</subfield>
    </datafield>
    <datafield tag="FFT" ind1=" " ind2=" ">
        <subfield code="a">http://undhl-dgacm.s3.amazonaws.com/Drop%2FESCWA_special%2Ftemp_id_4846%2FE_ESCWA_SD_2012_TECHNICAL%20PAPER.1-AR.pdf</subfield>
        <subfield code="d">العربية</subfield>
        <subfield code="n">E_ESCWA_SD_2012_TECHNICALPAPER-1-AR.pdf</subfield>
    </datafield>
    <datafield tag="FFT" ind1=" " ind2=" ">
        <subfield code="a">http://undhl-dgacm.s3.amazonaws.com/Drop%2FESCWA_special%2Ftemp_id_4846%2FE_ESCWA_SD_2012_TECHNICAL%20PAPER.1-EN.pdf</subfield>
        <subfield code="d">English</subfield>
        <subfield code="n">E_ESCWA_SD_2012_TECHNICALPAPER-1-EN.pdf</subfield>
    </datafield>
</record>