
<record>
    <datafield tag="191" ind1=" " ind2=" ">
        <subfield code="a">E/ESCWA/SD/2015/IG.1/6(PART III)</subfield>
    </datafield>
    <datafield tag="245" ind1=" " ind2=" ">
        <subfield code="a">ESCWA STATISTICAL ACTIVITIES : PROPOSED PROGRAMME OF WORK FOR THE BIENNIUM 2016 - 2017 IN THE FIELD OF STATISTICS : ECONOMIC AND SOCIAL COMMISSION FOR WESTERN ASIA (ESCWA), STATISTICAL COMMITTEE, ELEVENTH SESSION, AMMAN, 4 - 5 FEBRUARY 2015</subfield>
    </datafield>
    <datafield tag="246" ind1=" " ind2=" ">
        <subfield code="a">انشطة الاسكوا في مجال الاحصاء : برنامج العمل المقترح لفترة السنتين 2016 - 2017 في مجال الاحصاء : اللجنة الاقتصادية والاجتماعية لغربي آسيا (الاسكوا)، اللجنة الاحصائية، الدورة الحادية عشرة، عمان، 4 - 5 شباط/فبراير 2015</subfield>
    </datafield>
    <datafield tag="269" ind1=" " ind2=" ">
        <subfield code="a">20150113</subfield>
    </datafield>
    <datafield tag="650" ind1=" " ind2=" ">
        <subfield code="a">STATISTICS</subfield>
        <subfield code="0">(DHLAUTH)269347</subfield>
    </datafield>
    <datafield tag="650" ind1=" " ind2=" ">
        <subfield code="a">ACTIVITIES</subfield>
        <subfield code="0">(DHLAUTH)275823</subfield>
    </datafield>
    <datafield tag="650" ind1=" " ind2=" ">
        <subfield code="a">WORK PROGRAMME</subfield>
        <subfield code="0">(DHLAUTH)275800</subfield>
    </datafield>
    <datafield tag="650" ind1=" " ind2=" ">
        <subfield code="a">REGIONAL COMMISSIONS</subfield>
        <subfield code="0">(DHLAUTH)269969</subfield>
    </datafield>
    <datafield tag="650" ind1=" " ind2=" ">
        <subfield code="a">ARAB COUNTRIES</subfield>
        <subfield code="0">(DHLAUTH)268705</subfield>
    </datafield>
    <datafield tag="650" ind1=" " ind2=" ">
        <subfield code="a">CONFERENCES</subfield>
        <subfield code="0">(DHLAUTH)275758</subfield>
    </datafield>
    <datafield tag="FFT" ind1=" " ind2=" ">
        <subfield code="a">http://undhl-dgacm.s3.amazonaws.com/Drop%2FESCWA_special%2Ftemp_id_4870%2FE_ESCWA_SD_2015_IG.1_6%28PART%20III%29-AR.pdf</subfield>
        <subfield code="d">العربية</subfield>
        <subfield code="n">E_ESCWA_SD_2015_IG-1_6(PARTIII)-AR.pdf</subfield>
    </datafield>
    <datafield tag="FFT" ind1=" " ind2=" ">
        <subfield code="a">http://undhl-dgacm.s3.amazonaws.com/Drop%2FESCWA_special%2Ftemp_id_4870%2FE_ESCWA_SD_2015_IG.1_6%28PART%20III%29-EN.pdf</subfield>
        <subfield code="d">English</subfield>
        <subfield code="n">E_ESCWA_SD_2015_IG-1_6(PARTIII)-EN.pdf</subfield>
    </datafield>
</record>