
<record>
    <datafield tag="191" ind1=" " ind2=" ">
        <subfield code="a">E/ESCWA/SD/2015/IG.1/6(PART II)</subfield>
    </datafield>
    <datafield tag="245" ind1=" " ind2=" ">
        <subfield code="a">ESCWA STATISTICAL ACTIVITIES : STRATEGIC DIRECTION FOR THE STATISTICAL WORK OF ESCWA IN 2016-2020 IN THE CONTEXT OF THE POST-2015 DEVELOPMENT AGENDA : ECONOMIC AND SOCIAL COMMISSION FOR WESTERN ASIA (ESCWA), STATISTICAL COMMITTEE, ELEVENTH SESSION, AMMAN, 4 - 5 FEBRUARY 2015</subfield>
    </datafield>
    <datafield tag="246" ind1=" " ind2=" ">
        <subfield code="a">انشطة الاسكوا في مجال الاحصاء : التوجه الاستراتيجي لانشطة الاسكوا في مجال الاحصاء للفترة 2016 - 2020 في سياق خطة الامم المتحدة لما بعد عام 2015 : اللجنة الاقتصادية والاجتماعية لغربي آسيا (الاسكوا)، اللجنة الاحصائية، الدورة الحادية عشرة، عمان، 4 - 5 شباط/فبراير 2015</subfield>
    </datafield>
    <datafield tag="269" ind1=" " ind2=" ">
        <subfield code="a">20150114</subfield>
    </datafield>
    <datafield tag="650" ind1=" " ind2=" ">
        <subfield code="a">STATISTICS</subfield>
        <subfield code="0">(DHLAUTH)269347</subfield>
    </datafield>
    <datafield tag="650" ind1=" " ind2=" ">
        <subfield code="a">ACTIVITIES</subfield>
        <subfield code="0">(DHLAUTH)275823</subfield>
    </datafield>
    <datafield tag="650" ind1=" " ind2=" ">
        <subfield code="a">DEVELOPMENT PLANS</subfield>
        <subfield code="0">(DHLAUTH)269892</subfield>
    </datafield>
    <datafield tag="650" ind1=" " ind2=" ">
        <subfield code="a">REGIONAL COMMISSIONS</subfield>
        <subfield code="0">(DHLAUTH)269969</subfield>
    </datafield>
    <datafield tag="650" ind1=" " ind2=" ">
        <subfield code="a">ARAB COUNTRIES</subfield>
        <subfield code="0">(DHLAUTH)268705</subfield>
    </datafield>
    <datafield tag="650" ind1=" " ind2=" ">
        <subfield code="a">CONFERENCES</subfield>
        <subfield code="0">(DHLAUTH)275758</subfield>
    </datafield>
    <datafield tag="FFT" ind1=" " ind2=" ">
        <subfield code="a">http://undhl-dgacm.s3.amazonaws.com/Drop%2FESCWA_special%2Ftemp_id_4871%2FE_ESCWA_SD_2015_IG.1_6%28PART%20II%29-AR.pdf</subfield>
        <subfield code="d">العربية</subfield>
        <subfield code="n">E_ESCWA_SD_2015_IG-1_6(PARTII)-AR.pdf</subfield>
    </datafield>
    <datafield tag="FFT" ind1=" " ind2=" ">
        <subfield code="a">http://undhl-dgacm.s3.amazonaws.com/Drop%2FESCWA_special%2Ftemp_id_4871%2FE_ESCWA_SD_2015_IG.1_6%28PART%20II%29-EN.pdf</subfield>
        <subfield code="d">English</subfield>
        <subfield code="n">E_ESCWA_SD_2015_IG-1_6(PARTII)-EN.pdf</subfield>
    </datafield>
</record>