
<record>
    <datafield tag="191" ind1=" " ind2=" ">
        <subfield code="a">E/ESCWA/SD/2015/IG.1/CRP.2</subfield>
    </datafield>
    <datafield tag="245" ind1=" " ind2=" ">
        <subfield code="a">ADVISORY GROUP ON ECONOMIC STATISTICS IN ARAB REGION : ECONOMIC AND SOCIAL COMMISSION FOR WESTERN ASIA (ESCWA), STATISTICAL COMMITTEE, ELEVENTH SESSION, AMMAN, 4 - 5 FEBRUARY 2015</subfield>
    </datafield>
    <datafield tag="246" ind1=" " ind2=" ">
        <subfield code="a">المجموعة الاستشارية المعنية بالاحصاءات الاقتصادية في الاسكوا : الشروط المرجعية : اللجنة الاقتصادية والاجتماعية لغربي آسيا (الاسكوا)، اللجنة الاحصائية، الدورة الحادية عشرة، عمان، 4 - 5 شباط/فبراير 2015</subfield>
    </datafield>
    <datafield tag="269" ind1=" " ind2=" ">
        <subfield code="a">20150119</subfield>
    </datafield>
    <datafield tag="650" ind1=" " ind2=" ">
        <subfield code="a">ECONOMIC STATISTICS</subfield>
        <subfield code="0">(DHLAUTH)269633</subfield>
    </datafield>
    <datafield tag="650" ind1=" " ind2=" ">
        <subfield code="a">ADVISORY SERVICES</subfield>
        <subfield code="0">(DHLAUTH)269860</subfield>
    </datafield>
    <datafield tag="650" ind1=" " ind2=" ">
        <subfield code="a">TERMS OF REFERENCE</subfield>
        <subfield code="0">(DHLAUTH)268319</subfield>
    </datafield>
    <datafield tag="650" ind1=" " ind2=" ">
        <subfield code="a">GROUPS OF EXPERTS</subfield>
        <subfield code="0">(DHLAUTH)269944</subfield>
    </datafield>
    <datafield tag="650" ind1=" " ind2=" ">
        <subfield code="a">REGIONAL COMMISSIONS</subfield>
        <subfield code="0">(DHLAUTH)269969</subfield>
    </datafield>
    <datafield tag="650" ind1=" " ind2=" ">
        <subfield code="a">ARAB COUNTRIES</subfield>
        <subfield code="0">(DHLAUTH)268705</subfield>
    </datafield>
    <datafield tag="650" ind1=" " ind2=" ">
        <subfield code="a">CONFERENCES</subfield>
        <subfield code="0">(DHLAUTH)275758</subfield>
    </datafield>
    <datafield tag="FFT" ind1=" " ind2=" ">
        <subfield code="a">http://undhl-dgacm.s3.amazonaws.com/Drop%2FESCWA_special%2Ftemp_id_4874%2FE_ESCWA_SD_2015_IG.1_CRP.2-AR.pdf</subfield>
        <subfield code="d">العربية</subfield>
        <subfield code="n">E_ESCWA_SD_2015_IG-1_CRP-2-AR.pdf</subfield>
    </datafield>
    <datafield tag="FFT" ind1=" " ind2=" ">
        <subfield code="a">http://undhl-dgacm.s3.amazonaws.com/Drop%2FESCWA_special%2Ftemp_id_4874%2FE_ESCWA_SD_2015_IG.1_CRP.2-EN.pdf</subfield>
        <subfield code="d">English</subfield>
        <subfield code="n">E_ESCWA_SD_2015_IG-1_CRP-2-EN.pdf</subfield>
    </datafield>
</record>