
<record>
    <datafield tag="191" ind1=" " ind2=" ">
        <subfield code="a">E/ESCWA/SD/2015/TECHNICAL PAPER.2</subfield>
    </datafield>
    <datafield tag="245" ind1=" " ind2=" ">
        <subfield code="a">PURCHASING POWER PARITIES AND THE REAL SIZE OF WESTERN ASIA ECONOMIES : A COMPREHENSIVE REPORT OF THE 2011 ROUND OF THE INTERNATIONAL COMPARISON PROGRAM IN WESTERN ASIA REGION</subfield>
    </datafield>
    <datafield tag="269" ind1=" " ind2=" ">
        <subfield code="a">20150513</subfield>
    </datafield>
    <datafield tag="650" ind1=" " ind2=" ">
        <subfield code="a">PURCHASING POWER</subfield>
        <subfield code="0">(DHLAUTH)269739</subfield>
    </datafield>
    <datafield tag="650" ind1=" " ind2=" ">
        <subfield code="a">ARAB COUNTRIES</subfield>
        <subfield code="0">(DHLAUTH)268705</subfield>
    </datafield>
    <datafield tag="650" ind1=" " ind2=" ">
        <subfield code="a">ECONOMICS</subfield>
        <subfield code="0">(DHLAUTH)269576</subfield>
    </datafield>
    <datafield tag="FFT" ind1=" " ind2=" ">
        <subfield code="a">http://undhl-dgacm.s3.amazonaws.com/Drop%2FESCWA_special%2Ftemp_id_4879%2FE_ESCWA_SD_2015_TECHNICAL%20PAPER.2-EN.pdf</subfield>
        <subfield code="d">English</subfield>
        <subfield code="n">E_ESCWA_SD_2015_TECHNICALPAPER-2-EN.pdf</subfield>
    </datafield>
</record>