
<record>
    <datafield tag="191" ind1=" " ind2=" ">
        <subfield code="a">E/ESCWA/SED/1993/18</subfield>
    </datafield>
    <datafield tag="245" ind1=" " ind2=" ">
        <subfield code="a">MANAGEMENT AND ORGANIZATION OF GOVERNMENT IN THE ESCWA REGION</subfield>
    </datafield>
    <datafield tag="269" ind1=" " ind2=" ">
        <subfield code="a">19931215</subfield>
    </datafield>
    <datafield tag="650" ind1=" " ind2=" ">
        <subfield code="a">ECONOMIC POLICY</subfield>
        <subfield code="0">(DHLAUTH)268235</subfield>
    </datafield>
    <datafield tag="650" ind1=" " ind2=" ">
        <subfield code="a">PERSONNEL MANAGEMENT</subfield>
        <subfield code="0">(DHLAUTH)270006</subfield>
    </datafield>
    <datafield tag="650" ind1=" " ind2=" ">
        <subfield code="a">PRIVATIZATION</subfield>
        <subfield code="0">(DHLAUTH)270028</subfield>
    </datafield>
    <datafield tag="650" ind1=" " ind2=" ">
        <subfield code="a">PUBLIC ENTERPRISES</subfield>
        <subfield code="0">(DHLAUTH)269681</subfield>
    </datafield>
    <datafield tag="650" ind1=" " ind2=" ">
        <subfield code="a">FISCAL POLICY</subfield>
        <subfield code="0">(DHLAUTH)269932</subfield>
    </datafield>
    <datafield tag="650" ind1=" " ind2=" ">
        <subfield code="a">SKILLED WORKERS</subfield>
        <subfield code="0">(DHLAUTH)271980</subfield>
    </datafield>
    <datafield tag="650" ind1=" " ind2=" ">
        <subfield code="a">BUDGET DEFICITS</subfield>
        <subfield code="0">(DHLAUTH)270057</subfield>
    </datafield>
    <datafield tag="FFT" ind1=" " ind2=" ">
        <subfield code="a">http://undhl-dgacm.s3.amazonaws.com/Drop%2FESCWA_special%2Ftemp_id_4926%2FE_ESCWA_SED_1993_18-EN.pdf</subfield>
        <subfield code="d">English</subfield>
        <subfield code="n">E_ESCWA_SED_1993_18-EN.pdf</subfield>
    </datafield>
</record>