
<record>
    <datafield tag="191" ind1=" " ind2=" ">
        <subfield code="a">E/ESCWA/STAT/1992/14</subfield>
    </datafield>
    <datafield tag="245" ind1=" " ind2=" ">
        <subfield code="a">تقرير عن المهمة الاستشارية الى وزارة المواصلات الرياض، المملكة العربية السعودية (خلال الفترة من 10 الى 28 ايار/مايو 1992)</subfield>
    </datafield>
    <datafield tag="269" ind1=" " ind2=" ">
        <subfield code="a">19920601</subfield>
    </datafield>
    <datafield tag="650" ind1=" " ind2=" ">
        <subfield code="a">TELECOMMUNICATIONS</subfield>
        <subfield code="0">(DHLAUTH)272452</subfield>
    </datafield>
    <datafield tag="650" ind1=" " ind2=" ">
        <subfield code="a">TRANSPORT</subfield>
        <subfield code="0">(DHLAUTH)272243</subfield>
    </datafield>
    <datafield tag="650" ind1=" " ind2=" ">
        <subfield code="a">SAUDI ARABIA</subfield>
        <subfield code="0">(DHLAUTH)273464</subfield>
    </datafield>
    <datafield tag="650" ind1=" " ind2=" ">
        <subfield code="a">ADVISORY SERVICES</subfield>
        <subfield code="0">(DHLAUTH)269860</subfield>
    </datafield>
    <datafield tag="650" ind1=" " ind2=" ">
        <subfield code="a">REGIONAL COMMISSIONS</subfield>
        <subfield code="0">(DHLAUTH)269969</subfield>
    </datafield>
    <datafield tag="FFT" ind1=" " ind2=" ">
        <subfield code="a">http://undhl-dgacm.s3.amazonaws.com/Drop%2FESCWA_special%2Ftemp_id_4944%2FE_ESCWA_STAT_1992_14-AR.pdf</subfield>
        <subfield code="d">العربية</subfield>
        <subfield code="n">E_ESCWA_STAT_1992_14-AR.pdf</subfield>
    </datafield>
</record>