
<record>
    <datafield tag="191" ind1=" " ind2=" ">
        <subfield code="a">E/ESCWA/STAT/1994/13</subfield>
    </datafield>
    <datafield tag="245" ind1=" " ind2=" ">
        <subfield code="a">EXTERNAL TRADE BULLETIN OF THE ESCWA REGION, SEVENTH ISSUE = نشرة التجارة الخارجية لمنطقة اللجنة الاقتصادية والاجتماعية لغربي آسيا، العدد السابع</subfield>
    </datafield>
    <datafield tag="269" ind1=" " ind2=" ">
        <subfield code="a">19940401</subfield>
    </datafield>
    <datafield tag="650" ind1=" " ind2=" ">
        <subfield code="a">TRADE STATISTICS</subfield>
        <subfield code="0">(DHLAUTH)270201</subfield>
    </datafield>
    <datafield tag="650" ind1=" " ind2=" ">
        <subfield code="a">EXPORTS</subfield>
        <subfield code="0">(DHLAUTH)271798</subfield>
    </datafield>
    <datafield tag="650" ind1=" " ind2=" ">
        <subfield code="a">IMPORTS</subfield>
        <subfield code="0">(DHLAUTH)272827</subfield>
    </datafield>
    <datafield tag="650" ind1=" " ind2=" ">
        <subfield code="a">INTRAREGIONAL TRADE</subfield>
        <subfield code="0">(DHLAUTH)269769</subfield>
    </datafield>
    <datafield tag="650" ind1=" " ind2=" ">
        <subfield code="a">WESTERN ASIA</subfield>
        <subfield code="0">(DHLAUTH)275490</subfield>
    </datafield>
    <datafield tag="650" ind1=" " ind2=" ">
        <subfield code="a">STATISTICAL DATA</subfield>
        <subfield code="0">(DHLAUTH)270233</subfield>
    </datafield>
    <datafield tag="FFT" ind1=" " ind2=" ">
        <subfield code="a">http://undhl-dgacm.s3.amazonaws.com/Drop%2FESCWA_special%2Ftemp_id_4970%2FE_ESCWA_STAT_1994_13-EN.pdf</subfield>
        <subfield code="d">English</subfield>
        <subfield code="n">E_ESCWA_STAT_1994_13-EN.pdf</subfield>
    </datafield>
</record>