
<record>
    <datafield tag="191" ind1=" " ind2=" ">
        <subfield code="a">E/ESCWA/STAT/1994/16</subfield>
    </datafield>
    <datafield tag="245" ind1=" " ind2=" ">
        <subfield code="a">LABOUR FORCE STATISTICS DATABASES USER REFERENCE MANUAL</subfield>
    </datafield>
    <datafield tag="269" ind1=" " ind2=" ">
        <subfield code="a">19940712</subfield>
    </datafield>
    <datafield tag="650" ind1=" " ind2=" ">
        <subfield code="a">DATABASES</subfield>
        <subfield code="0">(DHLAUTH)275124</subfield>
    </datafield>
    <datafield tag="650" ind1=" " ind2=" ">
        <subfield code="a">LABOUR STATISTICS</subfield>
        <subfield code="0">(DHLAUTH)274202</subfield>
    </datafield>
    <datafield tag="650" ind1=" " ind2=" ">
        <subfield code="a">WESTERN ASIA</subfield>
        <subfield code="0">(DHLAUTH)275490</subfield>
    </datafield>
    <datafield tag="650" ind1=" " ind2=" ">
        <subfield code="a">MANUALS</subfield>
        <subfield code="0">(DHLAUTH)274980</subfield>
    </datafield>
    <datafield tag="FFT" ind1=" " ind2=" ">
        <subfield code="a">http://undhl-dgacm.s3.amazonaws.com/Drop%2FESCWA_special%2Ftemp_id_4973%2FE_ESCWA_STAT_1994_16-EN.pdf</subfield>
        <subfield code="d">English</subfield>
        <subfield code="n">E_ESCWA_STAT_1994_16-EN.pdf</subfield>
    </datafield>
</record>