
<record>
    <datafield tag="191" ind1=" " ind2=" ">
        <subfield code="a">E/ESCWA/STAT/1996/4</subfield>
    </datafield>
    <datafield tag="245" ind1=" " ind2=" ">
        <subfield code="a">تقرير عن المهمة الاستشارية الى دائرة التخطيط امارة ابو ظبي دولة الامارات العربية المتحدة ابو ظبي خلال الفترة 29 كانون الثاني/يناير - 13 شباط/فبراير 1996 </subfield>
    </datafield>
    <datafield tag="269" ind1=" " ind2=" ">
        <subfield code="a">19960305</subfield>
    </datafield>
    <datafield tag="650" ind1=" " ind2=" ">
        <subfield code="a">ADVISORY SERVICES</subfield>
        <subfield code="0">(DHLAUTH)269860</subfield>
    </datafield>
    <datafield tag="650" ind1=" " ind2=" ">
        <subfield code="a">WESTERN ASIA</subfield>
        <subfield code="0">(DHLAUTH)275490</subfield>
    </datafield>
    <datafield tag="650" ind1=" " ind2=" ">
        <subfield code="a">UNITED ARAB EMIRATES</subfield>
        <subfield code="0">(DHLAUTH)275604</subfield>
    </datafield>
    <datafield tag="650" ind1=" " ind2=" ">
        <subfield code="a">ECONOMIC STATISTICS</subfield>
        <subfield code="0">(DHLAUTH)269633</subfield>
    </datafield>
    <datafield tag="650" ind1=" " ind2=" ">
        <subfield code="a">TECHNICAL TRAINING</subfield>
        <subfield code="0">(DHLAUTH)271971</subfield>
    </datafield>
    <datafield tag="650" ind1=" " ind2=" ">
        <subfield code="a">NATIONAL ACCOUNTS</subfield>
        <subfield code="0">(DHLAUTH)269651</subfield>
    </datafield>
    <datafield tag="650" ind1=" " ind2=" ">
        <subfield code="a">DATA ANALYSIS</subfield>
        <subfield code="0">(DHLAUTH)275260</subfield>
    </datafield>
    <datafield tag="650" ind1=" " ind2=" ">
        <subfield code="a">MODEL FORMS</subfield>
        <subfield code="0">(DHLAUTH)269304</subfield>
    </datafield>
    <datafield tag="650" ind1=" " ind2=" ">
        <subfield code="a">STATISTICAL CLASSIFICATIONS</subfield>
        <subfield code="0">(DHLAUTH)270220</subfield>
    </datafield>
    <datafield tag="FFT" ind1=" " ind2=" ">
        <subfield code="a">http://undhl-dgacm.s3.amazonaws.com/Drop%2FESCWA_special%2Ftemp_id_5035%2FE_ESCWA_STAT_1996_4-AR.pdf</subfield>
        <subfield code="d">العربية</subfield>
        <subfield code="n">E_ESCWA_STAT_1996_4-AR.pdf</subfield>
    </datafield>
</record>