
<record>
    <datafield tag="191" ind1=" " ind2=" ">
        <subfield code="a">E/ESCWA/ST/87/1</subfield>
    </datafield>
    <datafield tag="191" ind1=" " ind2=" ">
        <subfield code="a">UNCTAD/ST/ECU/3</subfield>
    </datafield>
    <datafield tag="245" ind1=" " ind2=" ">
        <subfield code="a">القطاع المالي الفلسطيني في ظل الاحتلال الاسرائيلي</subfield>
    </datafield>
    <datafield tag="269" ind1=" " ind2=" ">
        <subfield code="a">19880315</subfield>
    </datafield>
    <datafield tag="650" ind1=" " ind2=" ">
        <subfield code="a">WESTERN ASIA</subfield>
        <subfield code="0">(DHLAUTH)275490</subfield>
    </datafield>
    <datafield tag="650" ind1=" " ind2=" ">
        <subfield code="a">ECONOMICS</subfield>
        <subfield code="0">(DHLAUTH)269576</subfield>
    </datafield>
    <datafield tag="650" ind1=" " ind2=" ">
        <subfield code="a">FINANCIAL INSTITUTIONS</subfield>
        <subfield code="0">(DHLAUTH)270073</subfield>
    </datafield>
    <datafield tag="650" ind1=" " ind2=" ">
        <subfield code="a">FINANCIAL RESEARCH</subfield>
        <subfield code="0">(DHLAUTH)269781</subfield>
    </datafield>
    <datafield tag="650" ind1=" " ind2=" ">
        <subfield code="a">FINANCIAL RESOURCES</subfield>
        <subfield code="0">(DHLAUTH)269810</subfield>
    </datafield>
    <datafield tag="650" ind1=" " ind2=" ">
        <subfield code="a">REMITTANCES</subfield>
        <subfield code="0">(DHLAUTH)270415</subfield>
    </datafield>
    <datafield tag="650" ind1=" " ind2=" ">
        <subfield code="a">RECOMMENDATIONS</subfield>
        <subfield code="0">(DHLAUTH)275840</subfield>
    </datafield>
    <datafield tag="650" ind1=" " ind2=" ">
        <subfield code="a">TERRITORIES OCCUPIED BY ISRAEL</subfield>
        <subfield code="0">(DHLAUTH)268687</subfield>
    </datafield>
    <datafield tag="650" ind1=" " ind2=" ">
        <subfield code="a">ISRAEL</subfield>
        <subfield code="0">(DHLAUTH)268556</subfield>
    </datafield>
    <datafield tag="650" ind1=" " ind2=" ">
        <subfield code="a">JORDAN</subfield>
        <subfield code="0">(DHLAUTH)269099</subfield>
    </datafield>
    <datafield tag="650" ind1=" " ind2=" ">
        <subfield code="a">ECONOMIC RELATIONS</subfield>
        <subfield code="0">(DHLAUTH)269952</subfield>
    </datafield>
    <datafield tag="FFT" ind1=" " ind2=" ">
        <subfield code="a">http://undhl-dgacm.s3.amazonaws.com/Drop%2FESCWA_special%2Ftemp_id_5317%2FE_ESCWA_ST_87_1-AR.pdf</subfield>
        <subfield code="d">العربية</subfield>
        <subfield code="n">E_ESCWA_ST_87_1-AR.pdf</subfield>
    </datafield>
</record>