
<record>
    <datafield tag="191" ind1=" " ind2=" ">
        <subfield code="a">E/ESCWA/TCD/1992/1</subfield>
    </datafield>
    <datafield tag="245" ind1=" " ind2=" ">
        <subfield code="a">تطبيق اتفاقية الامم المتحدة بشأن مدونة قواعد السلوك لاتحادات الخطوط البحرية في دول منطقة غربي آسيا الاسكوا </subfield>
    </datafield>
    <datafield tag="269" ind1=" " ind2=" ">
        <subfield code="a">19920212</subfield>
    </datafield>
    <datafield tag="650" ind1=" " ind2=" ">
        <subfield code="a">ETHICS</subfield>
        <subfield code="0">(DHLAUTH)268464</subfield>
    </datafield>
    <datafield tag="650" ind1=" " ind2=" ">
        <subfield code="a">TRADE UNIONS</subfield>
        <subfield code="0">(DHLAUTH)268462</subfield>
    </datafield>
    <datafield tag="650" ind1=" " ind2=" ">
        <subfield code="a">MERCHANT MARINE</subfield>
        <subfield code="0">(DHLAUTH)272626</subfield>
    </datafield>
    <datafield tag="FFT" ind1=" " ind2=" ">
        <subfield code="a">http://undhl-dgacm.s3.amazonaws.com/Drop%2FESCWA_special%2Ftemp_id_5323%2FE_ESCWA_TCD_1992_1-AR.pdf</subfield>
        <subfield code="d">العربية</subfield>
        <subfield code="n">E_ESCWA_TCD_1992_1-AR.pdf</subfield>
    </datafield>
</record>