
<record>
    <datafield tag="191" ind1=" " ind2=" ">
        <subfield code="a">E/ESCWA/TCD/1996/7</subfield>
    </datafield>
    <datafield tag="245" ind1=" " ind2=" ">
        <subfield code="a">REPORT ON MISSION TO THE ENVIRONMENTAL DEPARTMENT AT THE MINISTRY AND AGRICULTURE AFFAIRS DOHA STATE OF QATAR INSTITUTIONALIZATIONOF ENVIRONMENTAL IMPACT ASSESSMENT IN THE STATE OF QATAR DURING THE PERIOD 24 JULY-6 AUGUST 1996</subfield>
    </datafield>
    <datafield tag="269" ind1=" " ind2=" ">
        <subfield code="a">19960901</subfield>
    </datafield>
    <datafield tag="650" ind1=" " ind2=" ">
        <subfield code="a">ADVISORY SERVICES</subfield>
        <subfield code="0">(DHLAUTH)269860</subfield>
    </datafield>
    <datafield tag="650" ind1=" " ind2=" ">
        <subfield code="a">ENVIRONMENTAL IMPACT ASSESSMENT</subfield>
        <subfield code="0">(DHLAUTH)270597</subfield>
    </datafield>
    <datafield tag="650" ind1=" " ind2=" ">
        <subfield code="a">INSTITUTION BUILDING</subfield>
        <subfield code="0">(DHLAUTH)269946</subfield>
    </datafield>
    <datafield tag="650" ind1=" " ind2=" ">
        <subfield code="a">ENVIRONMENTAL POLICY</subfield>
        <subfield code="0">(DHLAUTH)269904</subfield>
    </datafield>
    <datafield tag="650" ind1=" " ind2=" ">
        <subfield code="a">RECOMMENDATIONS</subfield>
        <subfield code="0">(DHLAUTH)275840</subfield>
    </datafield>
    <datafield tag="650" ind1=" " ind2=" ">
        <subfield code="a">QATAR</subfield>
        <subfield code="0">(DHLAUTH)275603</subfield>
    </datafield>
    <datafield tag="650" ind1=" " ind2=" ">
        <subfield code="a">INDUSTRIAL PROJECTS</subfield>
        <subfield code="0">(DHLAUTH)269991</subfield>
    </datafield>
    <datafield tag="650" ind1=" " ind2=" ">
        <subfield code="a">EVALUATION RESEARCH</subfield>
        <subfield code="0">(DHLAUTH)274663</subfield>
    </datafield>
    <datafield tag="FFT" ind1=" " ind2=" ">
        <subfield code="a">http://undhl-dgacm.s3.amazonaws.com/Drop%2FESCWA_special%2Ftemp_id_5367%2FE_ESCWA_TCD_1996_7-EN.pdf</subfield>
        <subfield code="d">English</subfield>
        <subfield code="n">E_ESCWA_TCD_1996_7-EN.pdf</subfield>
    </datafield>
</record>