
<record>
    <datafield tag="191" ind1=" " ind2=" ">
        <subfield code="a">E/ESCWA/TCD/1997/12</subfield>
    </datafield>
    <datafield tag="245" ind1=" " ind2=" ">
        <subfield code="a">تقرير عن المهمة الاستشارية الى مجلس حماية البيئة في الجمهورية اليمنية حول اقامة منطقة صناعية بالمكلا في محافظة حضرموت خلال الفترة 16-29 كانون الاول/ديسمبر 1996</subfield>
    </datafield>
    <datafield tag="269" ind1=" " ind2=" ">
        <subfield code="a">19970423</subfield>
    </datafield>
    <datafield tag="650" ind1=" " ind2=" ">
        <subfield code="a">YEMEN</subfield>
        <subfield code="0">(DHLAUTH)273521</subfield>
    </datafield>
    <datafield tag="650" ind1=" " ind2=" ">
        <subfield code="a">WESTERN ASIA</subfield>
        <subfield code="0">(DHLAUTH)275490</subfield>
    </datafield>
    <datafield tag="650" ind1=" " ind2=" ">
        <subfield code="a">INDUSTRIAL AREAS</subfield>
        <subfield code="0">(DHLAUTH)273548</subfield>
    </datafield>
    <datafield tag="650" ind1=" " ind2=" ">
        <subfield code="a">INDUSTRIAL DEVELOPMENT</subfield>
        <subfield code="0">(DHLAUTH)269918</subfield>
    </datafield>
    <datafield tag="650" ind1=" " ind2=" ">
        <subfield code="a">STUDY TOURS</subfield>
        <subfield code="0">(DHLAUTH)477682</subfield>
    </datafield>
    <datafield tag="650" ind1=" " ind2=" ">
        <subfield code="a">ENVIRONMENTAL IMPACT ASSESSMENT</subfield>
        <subfield code="0">(DHLAUTH)270597</subfield>
    </datafield>
    <datafield tag="FFT" ind1=" " ind2=" ">
        <subfield code="a">http://undhl-dgacm.s3.amazonaws.com/Drop%2FESCWA_special%2Ftemp_id_5373%2FE_ESCWA_TCD_1997_12-AR.pdf</subfield>
        <subfield code="d">العربية</subfield>
        <subfield code="n">E_ESCWA_TCD_1997_12-AR.pdf</subfield>
    </datafield>
</record>