
<record>
    <datafield tag="191" ind1=" " ind2=" ">
        <subfield code="a">E/ESCWA/TCD/1997/23</subfield>
    </datafield>
    <datafield tag="245" ind1=" " ind2=" ">
        <subfield code="a">ADVICE TO THE WATER AUTHORITY OF JORDAN ON REQUIREMENTS FOR TECHNICAL UPGRADING OF THE REGIONAL ISOTOPE LABORATORY</subfield>
    </datafield>
    <datafield tag="269" ind1=" " ind2=" ">
        <subfield code="a">19970629</subfield>
    </datafield>
    <datafield tag="650" ind1=" " ind2=" ">
        <subfield code="a">ISOTOPES</subfield>
        <subfield code="0">(DHLAUTH)271103</subfield>
    </datafield>
    <datafield tag="650" ind1=" " ind2=" ">
        <subfield code="a">JORDAN</subfield>
        <subfield code="0">(DHLAUTH)269099</subfield>
    </datafield>
    <datafield tag="650" ind1=" " ind2=" ">
        <subfield code="a">HYDROLOGY</subfield>
        <subfield code="0">(DHLAUTH)270513</subfield>
    </datafield>
    <datafield tag="650" ind1=" " ind2=" ">
        <subfield code="a">GROUNDWATER</subfield>
        <subfield code="0">(DHLAUTH)270891</subfield>
    </datafield>
    <datafield tag="650" ind1=" " ind2=" ">
        <subfield code="a">RAINWATER</subfield>
        <subfield code="0">(DHLAUTH)270900</subfield>
    </datafield>
    <datafield tag="650" ind1=" " ind2=" ">
        <subfield code="a">NORTH AFRICA</subfield>
        <subfield code="0">(DHLAUTH)273434</subfield>
    </datafield>
    <datafield tag="650" ind1=" " ind2=" ">
        <subfield code="a">MEDITERRANEAN REGION</subfield>
        <subfield code="0">(DHLAUTH)275466</subfield>
    </datafield>
    <datafield tag="650" ind1=" " ind2=" ">
        <subfield code="a">ARCHAEOLOGY</subfield>
        <subfield code="0">(DHLAUTH)269095</subfield>
    </datafield>
    <datafield tag="FFT" ind1=" " ind2=" ">
        <subfield code="a">http://undhl-dgacm.s3.amazonaws.com/Drop%2FESCWA_special%2Ftemp_id_5385%2FE_ESCWA_TCD_1997_23-EN.pdf</subfield>
        <subfield code="d">English</subfield>
        <subfield code="n">E_ESCWA_TCD_1997_23-EN.pdf</subfield>
    </datafield>
</record>