
<record>
    <datafield tag="191" ind1=" " ind2=" ">
        <subfield code="a">E/ESCWA/TCD/1997/5</subfield>
    </datafield>
    <datafield tag="245" ind1=" " ind2=" ">
        <subfield code="a">HARMONIZATION OF ENVIRONMENTAL IMPACT ASSESSMENT IN THE UNITED ARAB EMIRATES DURING THE PERIOD 17 FEBRUARY TO 3 MARCH 1997</subfield>
    </datafield>
    <datafield tag="269" ind1=" " ind2=" ">
        <subfield code="a">19970407</subfield>
    </datafield>
    <datafield tag="650" ind1=" " ind2=" ">
        <subfield code="a">ENVIRONMENTAL IMPACT ASSESSMENT</subfield>
        <subfield code="0">(DHLAUTH)270597</subfield>
    </datafield>
    <datafield tag="650" ind1=" " ind2=" ">
        <subfield code="a">UNITED ARAB EMIRATES</subfield>
        <subfield code="0">(DHLAUTH)275604</subfield>
    </datafield>
    <datafield tag="650" ind1=" " ind2=" ">
        <subfield code="a">ABU DHABI (UNITED ARAB EMIRATES)</subfield>
        <subfield code="0">(DHLAUTH)276731</subfield>
    </datafield>
    <datafield tag="650" ind1=" " ind2=" ">
        <subfield code="a">ENVIRONMENTAL POLICY</subfield>
        <subfield code="0">(DHLAUTH)269904</subfield>
    </datafield>
    <datafield tag="FFT" ind1=" " ind2=" ">
        <subfield code="a">http://undhl-dgacm.s3.amazonaws.com/Drop%2FESCWA_special%2Ftemp_id_5395%2FE_ESCWA_TCD_1997_5-EN.pdf</subfield>
        <subfield code="d">English</subfield>
        <subfield code="n">E_ESCWA_TCD_1997_5-EN.pdf</subfield>
    </datafield>
</record>