
<record>
    <datafield tag="191" ind1=" " ind2=" ">
        <subfield code="a">E/ESCWA/TCD/1998/6</subfield>
    </datafield>
    <datafield tag="245" ind1=" " ind2=" ">
        <subfield code="a">تقرير عن المهمة الاستشارية الى وكالة الوزارة للشؤون الفنية وزارة الشؤون البلدية والقروية الرياض, المملكة العربية السعودية</subfield>
    </datafield>
    <datafield tag="269" ind1=" " ind2=" ">
        <subfield code="a">19980318</subfield>
    </datafield>
    <datafield tag="650" ind1=" " ind2=" ">
        <subfield code="a">ADVISORY SERVICES</subfield>
        <subfield code="0">(DHLAUTH)269860</subfield>
    </datafield>
    <datafield tag="650" ind1=" " ind2=" ">
        <subfield code="a">INFORMATION SYSTEMS</subfield>
        <subfield code="0">(DHLAUTH)272026</subfield>
    </datafield>
    <datafield tag="650" ind1=" " ind2=" ">
        <subfield code="a">DATA PROCESSING</subfield>
        <subfield code="0">(DHLAUTH)272727</subfield>
    </datafield>
    <datafield tag="650" ind1=" " ind2=" ">
        <subfield code="a">DATA PROCESSING SERVICES</subfield>
        <subfield code="0">(DHLAUTH)275236</subfield>
    </datafield>
    <datafield tag="650" ind1=" " ind2=" ">
        <subfield code="a">AUTOMATION</subfield>
        <subfield code="0">(DHLAUTH)270184</subfield>
    </datafield>
    <datafield tag="650" ind1=" " ind2=" ">
        <subfield code="a">WESTERN ASIA</subfield>
        <subfield code="0">(DHLAUTH)275490</subfield>
    </datafield>
    <datafield tag="650" ind1=" " ind2=" ">
        <subfield code="a">SAUDI ARABIA</subfield>
        <subfield code="0">(DHLAUTH)273464</subfield>
    </datafield>
    <datafield tag="FFT" ind1=" " ind2=" ">
        <subfield code="a">http://undhl-dgacm.s3.amazonaws.com/Drop%2FESCWA_special%2Ftemp_id_5430%2FE_ESCWA_TCD_1998_6-AR.pdf</subfield>
        <subfield code="d">العربية</subfield>
        <subfield code="n">E_ESCWA_TCD_1998_6-AR.pdf</subfield>
    </datafield>
</record>