
<record>
    <datafield tag="191" ind1=" " ind2=" ">
        <subfield code="a">E/ESCWA/TCD/1999/44</subfield>
    </datafield>
    <datafield tag="245" ind1=" " ind2=" ">
        <subfield code="a">تقرير ورشة العمل عن نظم المعلومات الجغرافية واستخدام برامجياتها في تطوير المنهجيات والانشطة الاحصائية التي عقدت في معهد الدراسات والبحوث الاحصائية -جامعة القاهرة خلال الفترة 12-26 ايلول/ سبتمبر 1999 عن انشطة المشروع الاقليمي لنظم المعلومات الجغرافية والمشروع الاقليمي للمسوح الاسرية</subfield>
    </datafield>
    <datafield tag="269" ind1=" " ind2=" ">
        <subfield code="a">19991220</subfield>
    </datafield>
    <datafield tag="650" ind1=" " ind2=" ">
        <subfield code="a">STATISTICAL METHODOLOGY</subfield>
        <subfield code="0">(DHLAUTH)269635</subfield>
    </datafield>
    <datafield tag="650" ind1=" " ind2=" ">
        <subfield code="a">RECOMMENDATIONS</subfield>
        <subfield code="0">(DHLAUTH)275840</subfield>
    </datafield>
    <datafield tag="650" ind1=" " ind2=" ">
        <subfield code="a">PARTICIPANTS</subfield>
        <subfield code="0">(DHLAUTH)275785</subfield>
    </datafield>
    <datafield tag="650" ind1=" " ind2=" ">
        <subfield code="a">DATA ANALYSIS</subfield>
        <subfield code="0">(DHLAUTH)275260</subfield>
    </datafield>
    <datafield tag="650" ind1=" " ind2=" ">
        <subfield code="a">FIELD VISITS</subfield>
        <subfield code="0">(DHLAUTH)275795</subfield>
    </datafield>
    <datafield tag="650" ind1=" " ind2=" ">
        <subfield code="a">INFORMATION TECHNOLOGY</subfield>
        <subfield code="0">(DHLAUTH)272714</subfield>
    </datafield>
    <datafield tag="650" ind1=" " ind2=" ">
        <subfield code="a">FAMILY LIFE SURVEYS</subfield>
        <subfield code="0">(DHLAUTH)273052</subfield>
    </datafield>
    <datafield tag="650" ind1=" " ind2=" ">
        <subfield code="a">GEOGRAPHIC INFORMATION SYSTEMS</subfield>
        <subfield code="0">(DHLAUTH)270489</subfield>
    </datafield>
    <datafield tag="650" ind1=" " ind2=" ">
        <subfield code="a">COMPUTER SOFTWARE</subfield>
        <subfield code="0">(DHLAUTH)275244</subfield>
    </datafield>
    <datafield tag="FFT" ind1=" " ind2=" ">
        <subfield code="a">http://undhl-dgacm.s3.amazonaws.com/Drop%2FESCWA_special%2Ftemp_id_5466%2FE_ESCWA_TCD_1999_44-AR.pdf</subfield>
        <subfield code="d">العربية</subfield>
        <subfield code="n">E_ESCWA_TCD_1999_44-AR.pdf</subfield>
    </datafield>
</record>