
<record>
    <datafield tag="191" ind1=" " ind2=" ">
        <subfield code="a">E/ESCWA/TCD/1999/45</subfield>
    </datafield>
    <datafield tag="245" ind1=" " ind2=" ">
        <subfield code="a">مقترح برنامج تطوير قطاع الشؤون الاجتماعية تقرير عن المهمة الاستشارية لدى وزارة العمل والشؤون الاجتماعية في جمهورية العراق خلال الفترة 19 حزيران/يونيو لغاية 2 تموز /يوليو 1999</subfield>
    </datafield>
    <datafield tag="269" ind1=" " ind2=" ">
        <subfield code="a">19991228</subfield>
    </datafield>
    <datafield tag="650" ind1=" " ind2=" ">
        <subfield code="a">ADVISORY SERVICES</subfield>
        <subfield code="0">(DHLAUTH)269860</subfield>
    </datafield>
    <datafield tag="650" ind1=" " ind2=" ">
        <subfield code="a">IRAQ</subfield>
        <subfield code="0">(DHLAUTH)273370</subfield>
    </datafield>
    <datafield tag="650" ind1=" " ind2=" ">
        <subfield code="a">SOCIAL DEVELOPMENT</subfield>
        <subfield code="0">(DHLAUTH)269873</subfield>
    </datafield>
    <datafield tag="650" ind1=" " ind2=" ">
        <subfield code="a">RECOMMENDATIONS</subfield>
        <subfield code="0">(DHLAUTH)275840</subfield>
    </datafield>
    <datafield tag="650" ind1=" " ind2=" ">
        <subfield code="a">WOMEN</subfield>
        <subfield code="0">(DHLAUTH)273032</subfield>
    </datafield>
    <datafield tag="650" ind1=" " ind2=" ">
        <subfield code="a">FIELD VISITS</subfield>
        <subfield code="0">(DHLAUTH)275795</subfield>
    </datafield>
    <datafield tag="FFT" ind1=" " ind2=" ">
        <subfield code="a">http://undhl-dgacm.s3.amazonaws.com/Drop%2FESCWA_special%2Ftemp_id_5467%2FE_ESCWA_TCD_1999_45-AR.pdf</subfield>
        <subfield code="d">العربية</subfield>
        <subfield code="n">E_ESCWA_TCD_1999_45-AR.pdf</subfield>
    </datafield>
</record>