
<record>
    <datafield tag="191" ind1=" " ind2=" ">
        <subfield code="a">E/ESCWA/TCD/1999/5</subfield>
    </datafield>
    <datafield tag="245" ind1=" " ind2=" ">
        <subfield code="a">تقييم فني لمنهجية ودراسة البطالة في الاردن التي اجراها مركز الدراسات الاستراتيجية بالجامعة الاردنية كانون الاول/ديسمبر 1998 عمان-المملكة الاردنية الهاشمية</subfield>
    </datafield>
    <datafield tag="269" ind1=" " ind2=" ">
        <subfield code="a">19990202</subfield>
    </datafield>
    <datafield tag="650" ind1=" " ind2=" ">
        <subfield code="a">UNEMPLOYMENT</subfield>
        <subfield code="0">(DHLAUTH)269726</subfield>
    </datafield>
    <datafield tag="650" ind1=" " ind2=" ">
        <subfield code="a">JORDAN</subfield>
        <subfield code="0">(DHLAUTH)269099</subfield>
    </datafield>
    <datafield tag="650" ind1=" " ind2=" ">
        <subfield code="a">AMMAN (JORDAN)</subfield>
        <subfield code="0">(DHLAUTH)276766</subfield>
    </datafield>
    <datafield tag="650" ind1=" " ind2=" ">
        <subfield code="a">STATISTICAL METHODOLOGY</subfield>
        <subfield code="0">(DHLAUTH)269635</subfield>
    </datafield>
    <datafield tag="650" ind1=" " ind2=" ">
        <subfield code="a">ADVISORY SERVICES</subfield>
        <subfield code="0">(DHLAUTH)269860</subfield>
    </datafield>
    <datafield tag="650" ind1=" " ind2=" ">
        <subfield code="a">SAMPLE SURVEYS</subfield>
        <subfield code="0">(DHLAUTH)270182</subfield>
    </datafield>
    <datafield tag="650" ind1=" " ind2=" ">
        <subfield code="a">EMPLOYMENT STATISTICS</subfield>
        <subfield code="0">(DHLAUTH)274201</subfield>
    </datafield>
    <datafield tag="650" ind1=" " ind2=" ">
        <subfield code="a">FIELD VISITS</subfield>
        <subfield code="0">(DHLAUTH)275795</subfield>
    </datafield>
    <datafield tag="650" ind1=" " ind2=" ">
        <subfield code="a">MODEL FORMS</subfield>
        <subfield code="0">(DHLAUTH)269304</subfield>
    </datafield>
    <datafield tag="650" ind1=" " ind2=" ">
        <subfield code="a">DATA PROCESSING</subfield>
        <subfield code="0">(DHLAUTH)272727</subfield>
    </datafield>
    <datafield tag="650" ind1=" " ind2=" ">
        <subfield code="a">STATISTICAL DATA</subfield>
        <subfield code="0">(DHLAUTH)270233</subfield>
    </datafield>
    <datafield tag="650" ind1=" " ind2=" ">
        <subfield code="a">RECOMMENDATIONS</subfield>
        <subfield code="0">(DHLAUTH)275840</subfield>
    </datafield>
    <datafield tag="650" ind1=" " ind2=" ">
        <subfield code="a">MANPOWER STATISTICS</subfield>
        <subfield code="0">(DHLAUTH)274203</subfield>
    </datafield>
    <datafield tag="650" ind1=" " ind2=" ">
        <subfield code="a">HOUSEHOLD SURVEYS</subfield>
        <subfield code="0">(DHLAUTH)270181</subfield>
    </datafield>
    <datafield tag="650" ind1=" " ind2=" ">
        <subfield code="a">EVALUATION</subfield>
        <subfield code="0">(DHLAUTH)269588</subfield>
    </datafield>
    <datafield tag="FFT" ind1=" " ind2=" ">
        <subfield code="a">http://undhl-dgacm.s3.amazonaws.com/Drop%2FESCWA_special%2Ftemp_id_5468%2FE_ESCWA_TCD_1999_5-AR.pdf</subfield>
        <subfield code="d">العربية</subfield>
        <subfield code="n">E_ESCWA_TCD_1999_5-AR.pdf</subfield>
    </datafield>
</record>