
<record>
    <datafield tag="191" ind1=" " ind2=" ">
        <subfield code="a">E/ESCWA/TCD/87/4</subfield>
    </datafield>
    <datafield tag="245" ind1=" " ind2=" ">
        <subfield code="a">الاسس الاقتصادية وادوات تمويل بعض بنود موازنات الطرق ضرائب ورسوم مستخدمي الطريق </subfield>
    </datafield>
    <datafield tag="269" ind1=" " ind2=" ">
        <subfield code="a">19870621</subfield>
    </datafield>
    <datafield tag="650" ind1=" " ind2=" ">
        <subfield code="a">TRANSPORT COSTS</subfield>
        <subfield code="0">(DHLAUTH)272246</subfield>
    </datafield>
    <datafield tag="650" ind1=" " ind2=" ">
        <subfield code="a">MAINTENANCE AND REPAIR</subfield>
        <subfield code="0">(DHLAUTH)271898</subfield>
    </datafield>
    <datafield tag="650" ind1=" " ind2=" ">
        <subfield code="a">STANDARDS</subfield>
        <subfield code="0">(DHLAUTH)271959</subfield>
    </datafield>
    <datafield tag="650" ind1=" " ind2=" ">
        <subfield code="a">INVESTMENTS</subfield>
        <subfield code="0">(DHLAUTH)269859</subfield>
    </datafield>
    <datafield tag="650" ind1=" " ind2=" ">
        <subfield code="a">TRANSPORT ECONOMICS</subfield>
        <subfield code="0">(DHLAUTH)269609</subfield>
    </datafield>
    <datafield tag="650" ind1=" " ind2=" ">
        <subfield code="a">PROGRESSIVE TAXATION</subfield>
        <subfield code="0">(DHLAUTH)270114</subfield>
    </datafield>
    <datafield tag="650" ind1=" " ind2=" ">
        <subfield code="a">TRANSPORT FINANCING</subfield>
        <subfield code="0">(DHLAUTH)444383</subfield>
    </datafield>
    <datafield tag="650" ind1=" " ind2=" ">
        <subfield code="a">ROAD TRAFFIC</subfield>
        <subfield code="0">(DHLAUTH)9093</subfield>
    </datafield>
    <datafield tag="FFT" ind1=" " ind2=" ">
        <subfield code="a">http://undhl-dgacm.s3.amazonaws.com/Drop%2FESCWA_special%2Ftemp_id_5475%2FE_ESCWA_TCD_87_4-AR.pdf</subfield>
        <subfield code="d">العربية</subfield>
        <subfield code="n">E_ESCWA_TCD_87_4-AR.pdf</subfield>
    </datafield>
</record>