
<record>
    <datafield tag="191" ind1=" " ind2=" ">
        <subfield code="a">E/ESCWA/TCT/85/11</subfield>
    </datafield>
    <datafield tag="245" ind1=" " ind2=" ">
        <subfield code="a">مشاكل النقل العام للركاب في دبي : الجهود الجارية وتوجهات المستقبل</subfield>
    </datafield>
    <datafield tag="269" ind1=" " ind2=" ">
        <subfield code="a">19851201</subfield>
    </datafield>
    <datafield tag="650" ind1=" " ind2=" ">
        <subfield code="a">DUBAI (UNITED ARAB EMIRATES)</subfield>
        <subfield code="0">(DHLAUTH)276985</subfield>
    </datafield>
    <datafield tag="650" ind1=" " ind2=" ">
        <subfield code="a">ADVISORY SERVICES</subfield>
        <subfield code="0">(DHLAUTH)269860</subfield>
    </datafield>
    <datafield tag="650" ind1=" " ind2=" ">
        <subfield code="a">PASSENGER TRANSPORT</subfield>
        <subfield code="0">(DHLAUTH)272482</subfield>
    </datafield>
    <datafield tag="650" ind1=" " ind2=" ">
        <subfield code="a">TRANSPORT RESEARCH</subfield>
        <subfield code="0">(DHLAUTH)269782</subfield>
    </datafield>
    <datafield tag="650" ind1=" " ind2=" ">
        <subfield code="a">PUBLIC TRANSPORT</subfield>
        <subfield code="0">(DHLAUTH)272562</subfield>
    </datafield>
    <datafield tag="650" ind1=" " ind2=" ">
        <subfield code="a">URBAN TRANSPORT</subfield>
        <subfield code="0">(DHLAUTH)272484</subfield>
    </datafield>
    <datafield tag="650" ind1=" " ind2=" ">
        <subfield code="a">STANDARDS</subfield>
        <subfield code="0">(DHLAUTH)271959</subfield>
    </datafield>
    <datafield tag="FFT" ind1=" " ind2=" ">
        <subfield code="a">http://undhl-dgacm.s3.amazonaws.com/Drop%2FESCWA_special%2Ftemp_id_5489%2FE_ESCWA_TCT_85_11-AR.pdf</subfield>
        <subfield code="d">العربية</subfield>
        <subfield code="n">E_ESCWA_TCT_85_11-AR.pdf</subfield>
    </datafield>
</record>