
<record>
    <datafield tag="191" ind1=" " ind2=" ">
        <subfield code="a">E/ESCWA/TCT/86/2</subfield>
    </datafield>
    <datafield tag="245" ind1=" " ind2=" ">
        <subfield code="a">عرض سريع للملامح العامة لنموذج تصميم الطرق واختيار مواصفات صيانتها</subfield>
    </datafield>
    <datafield tag="269" ind1=" " ind2=" ">
        <subfield code="a">19860428</subfield>
    </datafield>
    <datafield tag="650" ind1=" " ind2=" ">
        <subfield code="a">SPECIFICATIONS</subfield>
        <subfield code="0">(DHLAUTH)271958</subfield>
    </datafield>
    <datafield tag="650" ind1=" " ind2=" ">
        <subfield code="a">TRANSPORT COSTS</subfield>
        <subfield code="0">(DHLAUTH)272246</subfield>
    </datafield>
    <datafield tag="650" ind1=" " ind2=" ">
        <subfield code="a">MAINTENANCE AND REPAIR</subfield>
        <subfield code="0">(DHLAUTH)271898</subfield>
    </datafield>
    <datafield tag="650" ind1=" " ind2=" ">
        <subfield code="a">HIGHWAY ENGINEERING</subfield>
        <subfield code="0">(DHLAUTH)272277</subfield>
    </datafield>
    <datafield tag="FFT" ind1=" " ind2=" ">
        <subfield code="a">http://undhl-dgacm.s3.amazonaws.com/Drop%2FESCWA_special%2Ftemp_id_5494%2FE_ESCWA_TCT_86_2-AR.pdf</subfield>
        <subfield code="d">العربية</subfield>
        <subfield code="n">E_ESCWA_TCT_86_2-AR.pdf</subfield>
    </datafield>
</record>