
<record>
    <datafield tag="191" ind1=" " ind2=" ">
        <subfield code="a">E/ESCWA/TC/2000/40</subfield>
    </datafield>
    <datafield tag="245" ind1=" " ind2=" ">
        <subfield code="a">تقرير عن زيارة الأمين التنفيذي للجنة الاقتصادية والاجتماعية لغربي آسيا والمستشارين الإقليميين الى الجمهورية اليمنية خلال الفترة 27 شباط/فبراير-3 آذار/مارس 2000</subfield>
    </datafield>
    <datafield tag="269" ind1=" " ind2=" ">
        <subfield code="a">20000802</subfield>
    </datafield>
    <datafield tag="650" ind1=" " ind2=" ">
        <subfield code="a">ADVISORY SERVICES</subfield>
        <subfield code="0">(DHLAUTH)269860</subfield>
    </datafield>
    <datafield tag="650" ind1=" " ind2=" ">
        <subfield code="a">FIELD VISITS</subfield>
        <subfield code="0">(DHLAUTH)275795</subfield>
    </datafield>
    <datafield tag="650" ind1=" " ind2=" ">
        <subfield code="a">GOVERNMENT DEPARTMENTS</subfield>
        <subfield code="0">(DHLAUTH)269998</subfield>
    </datafield>
    <datafield tag="650" ind1=" " ind2=" ">
        <subfield code="a">ECONOMIC PLANNING</subfield>
        <subfield code="0">(DHLAUTH)269834</subfield>
    </datafield>
    <datafield tag="650" ind1=" " ind2=" ">
        <subfield code="a">TECHNICAL COOPERATION</subfield>
        <subfield code="0">(DHLAUTH)268658</subfield>
    </datafield>
    <datafield tag="650" ind1=" " ind2=" ">
        <subfield code="a">WORK PROGRAMME</subfield>
        <subfield code="0">(DHLAUTH)275800</subfield>
    </datafield>
    <datafield tag="650" ind1=" " ind2=" ">
        <subfield code="a">YEMEN</subfield>
        <subfield code="0">(DHLAUTH)273521</subfield>
    </datafield>
    <datafield tag="650" ind1=" " ind2=" ">
        <subfield code="a">WESTERN ASIA</subfield>
        <subfield code="0">(DHLAUTH)275490</subfield>
    </datafield>
    <datafield tag="650" ind1=" " ind2=" ">
        <subfield code="a">SANA'A (YEMEN)</subfield>
        <subfield code="0">(DHLAUTH)584060</subfield>
    </datafield>
    <datafield tag="650" ind1=" " ind2=" ">
        <subfield code="a">SCIENTIFIC RESEARCH</subfield>
        <subfield code="0">(DHLAUTH)270603</subfield>
    </datafield>
    <datafield tag="650" ind1=" " ind2=" ">
        <subfield code="a">RECOMMENDATIONS</subfield>
        <subfield code="0">(DHLAUTH)275840</subfield>
    </datafield>
    <datafield tag="650" ind1=" " ind2=" ">
        <subfield code="a">INTERNET</subfield>
        <subfield code="0">(DHLAUTH)438931</subfield>
    </datafield>
    <datafield tag="650" ind1=" " ind2=" ">
        <subfield code="a">ENVIRONMENT</subfield>
        <subfield code="0">(DHLAUTH)270627</subfield>
    </datafield>
    <datafield tag="650" ind1=" " ind2=" ">
        <subfield code="a">INFORMATION TECHNOLOGY</subfield>
        <subfield code="0">(DHLAUTH)272714</subfield>
    </datafield>
    <datafield tag="FFT" ind1=" " ind2=" ">
        <subfield code="a">http://undhl-dgacm.s3.amazonaws.com/Drop%2FESCWA_special%2Ftemp_id_5513%2FE_ESCWA_TC_2000_40-AR.pdf</subfield>
        <subfield code="d">العربية</subfield>
        <subfield code="n">E_ESCWA_TC_2000_40-AR.pdf</subfield>
    </datafield>
</record>