
<record>
    <datafield tag="191" ind1=" " ind2=" ">
        <subfield code="a">E/ESCWA/TC/2001/48</subfield>
    </datafield>
    <datafield tag="245" ind1=" " ind2=" ">
        <subfield code="a">تقرير عن المهمة الاستشارية الى وزارة التجارة والصناعة المديرية العامة للمواصفات والمقاييس مسقط - سلطنة عمان : تسخير وسائل تكنولوجيا المعلومات والاتصال لخدمة مركز المعلومات  والانظمة الفنية قيد الانشاء خلال الفترة 20-31 تشرين الاول/اكتوبر 2001</subfield>
    </datafield>
    <datafield tag="269" ind1=" " ind2=" ">
        <subfield code="a">20011224</subfield>
    </datafield>
    <datafield tag="650" ind1=" " ind2=" ">
        <subfield code="a">SPECIFICATIONS</subfield>
        <subfield code="0">(DHLAUTH)271958</subfield>
    </datafield>
    <datafield tag="650" ind1=" " ind2=" ">
        <subfield code="a">INTERNATIONAL TRADE</subfield>
        <subfield code="0">(DHLAUTH)269532</subfield>
    </datafield>
    <datafield tag="650" ind1=" " ind2=" ">
        <subfield code="a">INTERNET</subfield>
        <subfield code="0">(DHLAUTH)438931</subfield>
    </datafield>
    <datafield tag="650" ind1=" " ind2=" ">
        <subfield code="a">COMPUTER PROGRAMMING</subfield>
        <subfield code="0">(DHLAUTH)269654</subfield>
    </datafield>
    <datafield tag="650" ind1=" " ind2=" ">
        <subfield code="a">HUMAN RESOURCES</subfield>
        <subfield code="0">(DHLAUTH)270571</subfield>
    </datafield>
    <datafield tag="650" ind1=" " ind2=" ">
        <subfield code="a">RECOMMENDATIONS</subfield>
        <subfield code="0">(DHLAUTH)275840</subfield>
    </datafield>
    <datafield tag="650" ind1=" " ind2=" ">
        <subfield code="a">OMAN</subfield>
        <subfield code="0">(DHLAUTH)273438</subfield>
    </datafield>
    <datafield tag="FFT" ind1=" " ind2=" ">
        <subfield code="a">http://undhl-dgacm.s3.amazonaws.com/Drop%2FESCWA_special%2Ftemp_id_5567%2FE_ESCWA_TC_2001_48-AR.pdf</subfield>
        <subfield code="d">العربية</subfield>
        <subfield code="n">E_ESCWA_TC_2001_48-AR.pdf</subfield>
    </datafield>
</record>