
<record>
    <datafield tag="191" ind1=" " ind2=" ">
        <subfield code="a">E/ESCWA/TDD/2017/IG.1/3</subfield>
    </datafield>
    <datafield tag="245" ind1=" " ind2=" ">
        <subfield code="a">REVIEW OF ESCWA WORK IN THE FIELD OF TECHNOLOGY FOR DEVELOPMENT : ECONOMIC AND SOCIAL COMMISSION FOR WESTERN ASIA (ESCWA), COMMITTEE ON TECHNOLOGY FOR DEVELOPMENT, FIRST SESSION, DUBAI, UNITED ARAB EMIRATES, 11 - 12 FEBRUARY 2017</subfield>
    </datafield>
    <datafield tag="246" ind1=" " ind2=" ">
        <subfield code="a">استعراض اعمال الاسكوا في مجال التكنولوجيا من اجل التنمية : اللجنة الاقتصادية والاجتماعية لغربي آسيا (الاسكوا)، لجنة التكنولوجيا من اجل التنمية، الدورة الاولى، دبي، الامارات العربية المتحدة، 11 - 12 شباط/فبراير 2017</subfield>
    </datafield>
    <datafield tag="269" ind1=" " ind2=" ">
        <subfield code="a">20170201</subfield>
    </datafield>
    <datafield tag="650" ind1=" " ind2=" ">
        <subfield code="a">INFORMATION TECHNOLOGY</subfield>
        <subfield code="0">(DHLAUTH)272714</subfield>
    </datafield>
    <datafield tag="650" ind1=" " ind2=" ">
        <subfield code="a">COMMUNICATION TECHNOLOGY</subfield>
        <subfield code="0">(DHLAUTH)272713</subfield>
    </datafield>
    <datafield tag="650" ind1=" " ind2=" ">
        <subfield code="a">DEVELOPMENT</subfield>
        <subfield code="0">(DHLAUTH)269844</subfield>
    </datafield>
    <datafield tag="650" ind1=" " ind2=" ">
        <subfield code="a">INTERGOVERNMENTAL BODIES</subfield>
        <subfield code="0">(DHLAUTH)275766</subfield>
    </datafield>
    <datafield tag="650" ind1=" " ind2=" ">
        <subfield code="a">CONFERENCES</subfield>
        <subfield code="0">(DHLAUTH)275758</subfield>
    </datafield>
    <datafield tag="FFT" ind1=" " ind2=" ">
        <subfield code="a">http://undhl-dgacm.s3.amazonaws.com/Drop%2FESCWA_special%2Ftemp_id_5574%2FE_ESCWA_TDD_2017_IG.1_3-EN.pdf</subfield>
        <subfield code="d">English</subfield>
        <subfield code="n">E_ESCWA_TDD_2017_IG-1_3-EN.pdf</subfield>
    </datafield>
</record>