
<record>
    <datafield tag="191" ind1=" " ind2=" ">
        <subfield code="a">E/ESCWA/TDD/2017/WG.1/REPORT</subfield>
    </datafield>
    <datafield tag="245" ind1=" " ind2=" ">
        <subfield code="a">REPORT : EXPERT GROUP MEETING ON MECHANISMS TO ADVANCE INNOVATION FOR INCLUSIVE SUSTAINABLE DEVELOPMENT IN THE ARAB REGION : PROMOTING COLLABORATION AND BRIDGING GAPS, BEIRUT, 1 - 2 NOVEMBER 2016</subfield>
    </datafield>
    <datafield tag="246" ind1=" " ind2=" ">
        <subfield code="a">تقرير اجتماع الخبراء حول سبل تعزيز الابتكار من اجل التنمية المستدامة الشاملة في المنطقة العربية : تحفيز التعاون وجسر الفجوات، بيروت، 1 - 2 تشرين الثاني/نوفمبر 2016</subfield>
    </datafield>
    <datafield tag="269" ind1=" " ind2=" ">
        <subfield code="a">20170121</subfield>
    </datafield>
    <datafield tag="650" ind1=" " ind2=" ">
        <subfield code="a">INNOVATIONS</subfield>
        <subfield code="0">(DHLAUTH)271352</subfield>
    </datafield>
    <datafield tag="650" ind1=" " ind2=" ">
        <subfield code="a">SUSTAINABLE DEVELOPMENT</subfield>
        <subfield code="0">(DHLAUTH)269920</subfield>
    </datafield>
    <datafield tag="650" ind1=" " ind2=" ">
        <subfield code="a">RESEARCH AND DEVELOPMENT</subfield>
        <subfield code="0">(DHLAUTH)271949</subfield>
    </datafield>
    <datafield tag="650" ind1=" " ind2=" ">
        <subfield code="a">RESEARCH CENTRES</subfield>
        <subfield code="0">(DHLAUTH)271936</subfield>
    </datafield>
    <datafield tag="650" ind1=" " ind2=" ">
        <subfield code="a">UNIVERSITIES AND COLLEGES</subfield>
        <subfield code="0">(DHLAUTH)273940</subfield>
    </datafield>
    <datafield tag="650" ind1=" " ind2=" ">
        <subfield code="a">INTERNATIONAL ORGANIZATIONS</subfield>
        <subfield code="0">(DHLAUTH)268671</subfield>
    </datafield>
    <datafield tag="650" ind1=" " ind2=" ">
        <subfield code="a">REGIONAL ORGANIZATIONS</subfield>
        <subfield code="0">(DHLAUTH)268718</subfield>
    </datafield>
    <datafield tag="650" ind1=" " ind2=" ">
        <subfield code="a">REGIONAL COMMISSIONS</subfield>
        <subfield code="0">(DHLAUTH)269969</subfield>
    </datafield>
    <datafield tag="650" ind1=" " ind2=" ">
        <subfield code="a">ARAB COUNTRIES</subfield>
        <subfield code="0">(DHLAUTH)268705</subfield>
    </datafield>
    <datafield tag="650" ind1=" " ind2=" ">
        <subfield code="a">CONFERENCES</subfield>
        <subfield code="0">(DHLAUTH)275758</subfield>
    </datafield>
    <datafield tag="FFT" ind1=" " ind2=" ">
        <subfield code="a">http://undhl-dgacm.s3.amazonaws.com/Drop%2FESCWA_special%2Ftemp_id_5593%2FE_ESCWA_TDD_2017_WG.1_REPORT-AR.pdf</subfield>
        <subfield code="d">العربية</subfield>
        <subfield code="n">E_ESCWA_TDD_2017_WG-1_REPORT-AR.pdf</subfield>
    </datafield>
    <datafield tag="FFT" ind1=" " ind2=" ">
        <subfield code="a">http://undhl-dgacm.s3.amazonaws.com/Drop%2FESCWA_special%2Ftemp_id_5593%2FE_ESCWA_TDD_2017_WG.1_REPORT-EN.pdf</subfield>
        <subfield code="d">English</subfield>
        <subfield code="n">E_ESCWA_TDD_2017_WG-1_REPORT-EN.pdf</subfield>
    </datafield>
</record>