
<record>
    <datafield tag="191" ind1=" " ind2=" ">
        <subfield code="a">E/ESCWA/TECH/1995/2</subfield>
    </datafield>
    <datafield tag="245" ind1=" " ind2=" ">
        <subfield code="a">TECHNO-ECONOMIC ASPECTS OF THE COMMERCIAL APPLICATIONS OF NEW MATERIALS TECHNOLOGIES IN THE ESCWA MEMBER COUNTRIES  </subfield>
    </datafield>
    <datafield tag="269" ind1=" " ind2=" ">
        <subfield code="a">19951130</subfield>
    </datafield>
    <datafield tag="650" ind1=" " ind2=" ">
        <subfield code="a">NEW MATERIALS</subfield>
        <subfield code="0">(DHLAUTH)272140</subfield>
    </datafield>
    <datafield tag="650" ind1=" " ind2=" ">
        <subfield code="a">NEW PRODUCTS</subfield>
        <subfield code="0">(DHLAUTH)271917</subfield>
    </datafield>
    <datafield tag="650" ind1=" " ind2=" ">
        <subfield code="a">NEW TECHNOLOGIES</subfield>
        <subfield code="0">(DHLAUTH)271842</subfield>
    </datafield>
    <datafield tag="650" ind1=" " ind2=" ">
        <subfield code="a">RESEARCH AND DEVELOPMENT</subfield>
        <subfield code="0">(DHLAUTH)271949</subfield>
    </datafield>
    <datafield tag="650" ind1=" " ind2=" ">
        <subfield code="a">CERAMICS</subfield>
        <subfield code="0">(DHLAUTH)272070</subfield>
    </datafield>
    <datafield tag="650" ind1=" " ind2=" ">
        <subfield code="a">CHEMICAL INDUSTRY</subfield>
        <subfield code="0">(DHLAUTH)272107</subfield>
    </datafield>
    <datafield tag="650" ind1=" " ind2=" ">
        <subfield code="a">CHEMICAL PLANTS</subfield>
        <subfield code="0">(DHLAUTH)271903</subfield>
    </datafield>
    <datafield tag="650" ind1=" " ind2=" ">
        <subfield code="a">INDUSTRIAL WORKERS</subfield>
        <subfield code="0">(DHLAUTH)271804</subfield>
    </datafield>
    <datafield tag="650" ind1=" " ind2=" ">
        <subfield code="a">HEALTH HAZARDS</subfield>
        <subfield code="0">(DHLAUTH)270847</subfield>
    </datafield>
    <datafield tag="650" ind1=" " ind2=" ">
        <subfield code="a">ENVIRONMENTAL DAMAGE</subfield>
        <subfield code="0">(DHLAUTH)270646</subfield>
    </datafield>
    <datafield tag="650" ind1=" " ind2=" ">
        <subfield code="a">ECONOMIC ASPECTS</subfield>
        <subfield code="0">(DHLAUTH)269753</subfield>
    </datafield>
    <datafield tag="650" ind1=" " ind2=" ">
        <subfield code="a">POLYMER AND PLASTICS TECHNOLOGY</subfield>
        <subfield code="0">(DHLAUTH)272353</subfield>
    </datafield>
    <datafield tag="FFT" ind1=" " ind2=" ">
        <subfield code="a">http://undhl-dgacm.s3.amazonaws.com/Drop%2FESCWA_special%2Ftemp_id_5596%2FE_ESCWA_TECH_1995_2-EN.pdf</subfield>
        <subfield code="d">English</subfield>
        <subfield code="n">E_ESCWA_TECH_1995_2-EN.pdf</subfield>
    </datafield>
</record>