
<record>
    <datafield tag="191" ind1=" " ind2=" ">
        <subfield code="a">E/ESCWA/TRANS/1995/9</subfield>
    </datafield>
    <datafield tag="245" ind1=" " ind2=" ">
        <subfield code="a">A PORT PRICING MODEL FOR THE ESCWA REGION</subfield>
    </datafield>
    <datafield tag="269" ind1=" " ind2=" ">
        <subfield code="a">19951224</subfield>
    </datafield>
    <datafield tag="650" ind1=" " ind2=" ">
        <subfield code="a">COMPUTER APPLICATIONS</subfield>
        <subfield code="0">(DHLAUTH)271864</subfield>
    </datafield>
    <datafield tag="650" ind1=" " ind2=" ">
        <subfield code="a">TRANSPORT</subfield>
        <subfield code="0">(DHLAUTH)272243</subfield>
    </datafield>
    <datafield tag="650" ind1=" " ind2=" ">
        <subfield code="a">PRICES</subfield>
        <subfield code="0">(DHLAUTH)269707</subfield>
    </datafield>
    <datafield tag="650" ind1=" " ind2=" ">
        <subfield code="a">AQABA (JORDAN)</subfield>
        <subfield code="0">(DHLAUTH)585726</subfield>
    </datafield>
    <datafield tag="650" ind1=" " ind2=" ">
        <subfield code="a">COSTS</subfield>
        <subfield code="0">(DHLAUTH)269595</subfield>
    </datafield>
    <datafield tag="FFT" ind1=" " ind2=" ">
        <subfield code="a">http://undhl-dgacm.s3.amazonaws.com/Drop%2FESCWA_special%2Ftemp_id_5740%2FE_ESCWA_TRANS_1995_9-AR.pdf</subfield>
        <subfield code="d">العربية</subfield>
        <subfield code="n">E_ESCWA_TRANS_1995_9-AR.pdf</subfield>
    </datafield>
</record>