
<record>
    <datafield tag="191" ind1=" " ind2=" ">
        <subfield code="a">E/ESCWA/WOM/2005/TECHNICAL PAPER.1</subfield>
    </datafield>
    <datafield tag="245" ind1=" " ind2=" ">
        <subfield code="a">الاوضاع الاقتصادية والاجتماعية للمراة الفلسطينية 1990-2004 = SOCIAL AND ECONOMIC SITUATION OF PALESTINIAN WOMEN: 1990-2004</subfield>
    </datafield>
    <datafield tag="269" ind1=" " ind2=" ">
        <subfield code="a">20050603</subfield>
    </datafield>
    <datafield tag="650" ind1=" " ind2=" ">
        <subfield code="a">ECONOMIC CONDITIONS</subfield>
        <subfield code="0">(DHLAUTH)269719</subfield>
    </datafield>
    <datafield tag="650" ind1=" " ind2=" ">
        <subfield code="a">SOCIAL CONDITIONS</subfield>
        <subfield code="0">(DHLAUTH)268327</subfield>
    </datafield>
    <datafield tag="650" ind1=" " ind2=" ">
        <subfield code="a">WOMEN IN POLITICS</subfield>
        <subfield code="0">(DHLAUTH)268479</subfield>
    </datafield>
    <datafield tag="650" ind1=" " ind2=" ">
        <subfield code="a">WOMEN WORKERS</subfield>
        <subfield code="0">(DHLAUTH)273153</subfield>
    </datafield>
    <datafield tag="650" ind1=" " ind2=" ">
        <subfield code="a">EDUCATION</subfield>
        <subfield code="0">(DHLAUTH)268926</subfield>
    </datafield>
    <datafield tag="650" ind1=" " ind2=" ">
        <subfield code="a">HUMAN RIGHTS</subfield>
        <subfield code="0">(DHLAUTH)274431</subfield>
    </datafield>
    <datafield tag="650" ind1=" " ind2=" ">
        <subfield code="a">POVERTY</subfield>
        <subfield code="0">(DHLAUTH)270079</subfield>
    </datafield>
    <datafield tag="650" ind1=" " ind2=" ">
        <subfield code="a">HEALTH</subfield>
        <subfield code="0">(DHLAUTH)273713</subfield>
    </datafield>
    <datafield tag="650" ind1=" " ind2=" ">
        <subfield code="a">STATISTICAL DATA</subfield>
        <subfield code="0">(DHLAUTH)270233</subfield>
    </datafield>
    <datafield tag="650" ind1=" " ind2=" ">
        <subfield code="a">TERRITORIES OCCUPIED BY ISRAEL</subfield>
        <subfield code="0">(DHLAUTH)268687</subfield>
    </datafield>
    <datafield tag="FFT" ind1=" " ind2=" ">
        <subfield code="a">http://undhl-dgacm.s3.amazonaws.com/Drop%2FESCWA_special%2Ftemp_id_5990%2FE_ESCWA_WOM_2005_TECHNICAL%20PAPER.1-EN.pdf</subfield>
        <subfield code="d">English</subfield>
        <subfield code="n">E_ESCWA_WOM_2005_TECHNICALPAPER-1-EN.pdf</subfield>
    </datafield>
</record>
</collection>
